seq,symbol,side,type,price,qty,order_id,action,ref_id
1,MSFT,BUY,LIMIT,401.22,38,1,NEW,
2,TSLA,BUY,LIMIT,417.47,55,2,NEW,
3,MSFT,BUY,LIMIT,401.13,96,3,NEW,
4,SPY,SELL,LIMIT,682.01,482,4,NEW,
5,NVDA,SELL,LIMIT,182.94,55,5,NEW,
6,MSFT,SELL,LIMIT,401.31,37,6,NEW,
7,MSFT,SELL,LIMIT,401.27,71,7,NEW,
8,MSFT,SELL,LIMIT,401.16,39,8,NEW,
9,MSFT,SELL,LIMIT,401.24,46,9,NEW,
10,GOOGL,SELL,LIMIT,305.77,58,10,NEW,
11,TSLA,SELL,LIMIT,417.44,89,11,NEW,
12,MSFT,BUY,LIMIT,401.03,42,12,NEW,
13,META,SELL,LIMIT,640.07,61,13,NEW,
14,AAPL,BUY,LIMIT,255.8,5,14,NEW,
15,AAPL,BUY,LIMIT,255.8,23,15,NEW,
16,SPY,SELL,LIMIT,682,88,16,NEW,
17,NVDA,SELL,LIMIT,182.96,77,17,NEW,
18,GOOGL,BUY,LIMIT,305.74,35,18,NEW,
19,AMZN,SELL,LIMIT,198.8,59,19,NEW,
20,SPY,SELL,LIMIT,682.02,99,20,NEW,
21,NVDA,SELL,LIMIT,182.99,12,21,NEW,
22,TSLA,SELL,LIMIT,417.67,403,22,NEW,
23,MSFT,SELL,LIMIT,401.12,72,23,NEW,
24,GOOGL,BUY,LIMIT,305.6,92,24,NEW,
25,AAPL,SELL,LIMIT,255.96,24,25,NEW,
26,SPY,BUY,LIMIT,681.72,74,26,NEW,
27,AMZN,BUY,LIMIT,198.7,68,27,NEW,
28,GOOGL,SELL,LIMIT,305.73,93,28,NEW,
29,SPY,SELL,LIMIT,681.81,92,29,NEW,
30,AAPL,BUY,LIMIT,255.78,68,30,NEW,
31,MSFT,BUY,LIMIT,400.75,98,31,NEW,
32,SPY,SELL,LIMIT,681.73,52,32,NEW,
33,SPY,SELL,LIMIT,681.73,52,33,NEW,
34,GOOGL,BUY,LIMIT,305.7,51,34,NEW,
35,MSFT,BUY,LIMIT,400.79,43,35,NEW,
36,AAPL,SELL,LIMIT,255.89,51,36,NEW,
37,TSLA,BUY,LIMIT,417.19,71,37,NEW,
38,GOOGL,BUY,LIMIT,305.64,5,38,NEW,
39,SPY,BUY,LIMIT,681.41,53,39,NEW,
40,MSFT,SELL,LIMIT,400.89,31,40,NEW,
41,GOOGL,BUY,LIMIT,305.61,3,41,NEW,
42,NVDA,BUY,LIMIT,183,66,42,NEW,
43,GOOGL,SELL,LIMIT,305.62,18,43,NEW,
44,SPY,SELL,LIMIT,681.73,929,44,NEW,
45,NVDA,SELL,LIMIT,183.15,62,45,NEW,
46,TSLA,BUY,LIMIT,417.37,6,46,NEW,
47,AMZN,SELL,LIMIT,198.71,85,47,NEW,
48,NVDA,SELL,LIMIT,183.09,17,48,NEW,
49,MSFT,BUY,LIMIT,400.9,47,49,NEW,
50,AAPL,BUY,LIMIT,255.81,72,50,NEW,
51,NVDA,BUY,LIMIT,182.97,93,51,NEW,
52,AAPL,BUY,LIMIT,255.87,28,52,NEW,
53,META,BUY,LIMIT,639.48,88,53,NEW,
54,GOOGL,SELL,LIMIT,305.57,46,54,NEW,
55,META,BUY,LIMIT,639.32,65,55,NEW,
56,MSFT,SELL,LIMIT,401,77,56,NEW,
57,MSFT,BUY,LIMIT,400.83,50,57,NEW,
58,NVDA,SELL,LIMIT,183.09,68,58,NEW,
59,TSLA,BUY,LIMIT,417.32,586,59,NEW,
60,AMZN,SELL,LIMIT,198.73,83,60,NEW,
61,TSLA,SELL,LIMIT,417.63,78,61,NEW,
62,TSLA,BUY,LIMIT,417.42,48,62,NEW,
63,TSLA,BUY,LIMIT,417.59,19,63,NEW,
64,MSFT,SELL,LIMIT,400.98,78,64,NEW,
65,META,BUY,LIMIT,639.42,70,65,NEW,
66,TSLA,SELL,LIMIT,417.99,62,66,NEW,
67,GOOGL,SELL,LIMIT,305.47,40,67,NEW,
68,SPY,SELL,LIMIT,681.71,26,68,NEW,
69,GOOGL,SELL,LIMIT,305.43,41,69,NEW,
70,TSLA,BUY,LIMIT,417.73,281,70,NEW,
71,NVDA,SELL,LIMIT,183.05,63,71,NEW,
72,MSFT,SELL,LIMIT,401.09,49,72,NEW,
73,TSLA,BUY,LIMIT,417.76,17,73,NEW,
74,TSLA,SELL,LIMIT,417.89,7,74,NEW,
75,AAPL,SELL,LIMIT,255.96,8,75,NEW,
76,NVDA,SELL,LIMIT,183.07,38,76,NEW,
77,AAPL,SELL,LIMIT,255.84,58,77,NEW,
78,GOOGL,BUY,LIMIT,305.34,20,78,NEW,
79,MSFT,SELL,LIMIT,401.07,67,79,NEW,
80,NVDA,SELL,LIMIT,183.09,49,80,NEW,
81,TSLA,BUY,LIMIT,417.7,98,81,NEW,
82,NVDA,BUY,LIMIT,182.99,10,82,NEW,
83,AMZN,BUY,LIMIT,198.58,18,83,NEW,
84,SPY,BUY,LIMIT,681.49,36,84,NEW,
85,GOOGL,BUY,LIMIT,305.27,63,85,NEW,
86,SPY,BUY,LIMIT,681.35,36,86,NEW,
87,AAPL,SELL,LIMIT,255.78,7,87,NEW,
88,AAPL,BUY,LIMIT,255.67,47,88,NEW,
89,NVDA,SELL,LIMIT,183.05,10,89,NEW,
90,AMZN,BUY,LIMIT,198.71,392,90,NEW,
91,AAPL,BUY,LIMIT,255.56,650,91,NEW,
92,NVDA,SELL,LIMIT,183.09,77,92,NEW,
93,NVDA,SELL,LIMIT,183.16,62,93,NEW,
94,META,BUY,LIMIT,639.56,24,94,NEW,
95,SPY,BUY,LIMIT,681.48,29,95,NEW,
96,AMZN,BUY,LIMIT,198.67,296,96,NEW,
97,AMZN,SELL,LIMIT,198.8,90,97,NEW,
98,TSLA,BUY,LIMIT,417.68,641,98,NEW,
99,GOOGL,SELL,LIMIT,305.65,40,99,NEW,
100,TSLA,BUY,LIMIT,417.89,738,100,NEW,
101,META,BUY,LIMIT,639.27,47,101,NEW,
102,TSLA,BUY,LIMIT,417.92,57,102,NEW,
103,NVDA,BUY,LIMIT,183.17,34,103,NEW,
104,AMZN,BUY,LIMIT,198.7,21,104,NEW,
105,NVDA,SELL,LIMIT,183.14,41,105,NEW,
106,AAPL,BUY,LIMIT,255.58,20,106,NEW,
107,MSFT,BUY,LIMIT,400.95,10,107,NEW,
108,GOOGL,BUY,LIMIT,305.57,98,108,NEW,
109,NVDA,BUY,LIMIT,183,73,109,NEW,
110,AMZN,BUY,LIMIT,198.69,69,110,NEW,
111,SPY,SELL,LIMIT,681.6,95,111,NEW,
112,TSLA,SELL,LIMIT,417.8,45,112,NEW,
113,MSFT,BUY,LIMIT,400.94,8,113,NEW,
114,NVDA,BUY,LIMIT,182.98,600,114,NEW,
115,SPY,BUY,LIMIT,681.39,49,115,NEW,
116,META,SELL,LIMIT,639.78,36,116,NEW,
117,SPY,BUY,LIMIT,681.46,79,117,NEW,
118,NVDA,SELL,LIMIT,183.14,42,118,NEW,
119,AAPL,SELL,LIMIT,255.72,40,119,NEW,
120,MSFT,SELL,LIMIT,401.09,83,120,NEW,
121,AMZN,BUY,LIMIT,198.61,9,121,NEW,
122,AAPL,SELL,LIMIT,255.79,6,122,NEW,
123,NVDA,SELL,LIMIT,183.24,37,123,NEW,
124,TSLA,SELL,LIMIT,417.98,17,124,NEW,
125,AAPL,BUY,LIMIT,255.7,603,125,NEW,
126,NVDA,SELL,LIMIT,183.25,12,126,NEW,
127,MSFT,BUY,LIMIT,401.01,27,127,NEW,
128,TSLA,BUY,LIMIT,417.84,95,128,NEW,
129,META,BUY,LIMIT,639.35,85,129,NEW,
130,SPY,SELL,LIMIT,681.55,10,130,NEW,
131,MSFT,SELL,LIMIT,401.19,24,131,NEW,
132,TSLA,SELL,LIMIT,417.87,34,132,NEW,
133,SPY,SELL,LIMIT,681.84,681,133,NEW,
134,AAPL,BUY,LIMIT,255.75,20,134,NEW,
135,TSLA,SELL,LIMIT,417.9,59,135,NEW,
136,NVDA,BUY,LIMIT,183.19,29,136,NEW,
137,NVDA,SELL,LIMIT,183.16,934,137,NEW,
138,META,SELL,LIMIT,639.27,97,138,NEW,
139,GOOGL,BUY,LIMIT,305.53,32,139,NEW,
140,AMZN,SELL,LIMIT,198.71,5,140,NEW,
141,MSFT,SELL,LIMIT,401.26,15,141,NEW,
142,SPY,BUY,LIMIT,681.69,84,142,NEW,
143,AAPL,BUY,LIMIT,255.88,61,143,NEW,
144,NVDA,SELL,LIMIT,183.08,27,144,NEW,
145,META,SELL,LIMIT,639.06,97,145,NEW,
146,NVDA,BUY,LIMIT,183.01,43,146,NEW,
147,SPY,SELL,LIMIT,681.98,34,147,NEW,
148,NVDA,SELL,LIMIT,183.16,37,148,NEW,
149,MSFT,BUY,LIMIT,401.19,43,149,NEW,
150,AMZN,SELL,LIMIT,198.73,87,150,NEW,
151,AMZN,SELL,LIMIT,198.73,310,151,NEW,
152,AMZN,BUY,LIMIT,198.6,601,152,NEW,
153,TSLA,SELL,LIMIT,417.86,60,153,NEW,
154,MSFT,SELL,LIMIT,401.18,978,154,NEW,
155,SPY,SELL,LIMIT,681.97,59,155,NEW,
156,GOOGL,SELL,LIMIT,305.63,91,156,NEW,
157,TSLA,SELL,LIMIT,418.1,54,157,NEW,
158,GOOGL,BUY,LIMIT,305.53,79,158,NEW,
159,MSFT,SELL,LIMIT,401.21,44,159,NEW,
160,NVDA,BUY,LIMIT,183.11,11,160,NEW,
161,NVDA,SELL,LIMIT,183.28,17,161,NEW,
162,AAPL,SELL,LIMIT,255.93,20,162,NEW,
163,META,BUY,LIMIT,638.58,415,163,NEW,
164,SPY,BUY,LIMIT,681.52,75,164,NEW,
165,AMZN,SELL,LIMIT,198.69,85,165,NEW,
166,MSFT,BUY,LIMIT,400.95,47,166,NEW,
167,SPY,BUY,LIMIT,681.46,13,167,NEW,
168,AMZN,SELL,LIMIT,198.6,92,168,NEW,
169,AMZN,BUY,LIMIT,198.42,58,169,NEW,
170,MSFT,BUY,LIMIT,401,80,170,NEW,
171,AAPL,BUY,LIMIT,255.88,85,171,NEW,
172,META,SELL,LIMIT,638.91,58,172,NEW,
173,TSLA,SELL,LIMIT,418.04,57,173,NEW,
174,NVDA,BUY,LIMIT,183.09,98,174,NEW,
175,AMZN,BUY,LIMIT,198.49,51,175,NEW,
176,NVDA,SELL,LIMIT,183.14,43,176,NEW,
177,AMZN,SELL,LIMIT,198.59,28,177,NEW,
178,NVDA,BUY,LIMIT,183.14,50,178,NEW,
179,SPY,SELL,LIMIT,681.91,1,179,NEW,
180,AMZN,BUY,LIMIT,198.41,87,180,NEW,
181,MSFT,SELL,LIMIT,401.17,41,181,NEW,
182,SPY,SELL,LIMIT,681.84,46,182,NEW,
183,META,BUY,LIMIT,638.94,45,183,NEW,
184,NVDA,BUY,LIMIT,183.19,265,184,NEW,
185,AAPL,SELL,LIMIT,255.98,9,185,NEW,
186,NVDA,BUY,LIMIT,183.15,11,186,NEW,
187,GOOGL,SELL,LIMIT,305.63,3,187,NEW,
188,TSLA,BUY,LIMIT,417.76,23,188,NEW,
189,SPY,BUY,LIMIT,681.52,4,189,NEW,
190,AAPL,BUY,LIMIT,255.91,73,190,NEW,
191,META,BUY,LIMIT,638.76,32,191,NEW,
192,GOOGL,BUY,LIMIT,305.57,44,192,NEW,
193,NVDA,SELL,LIMIT,183.27,61,193,NEW,
194,NVDA,BUY,LIMIT,183.21,33,194,NEW,
195,GOOGL,BUY,LIMIT,305.59,65,195,NEW,
196,AMZN,BUY,LIMIT,198.48,39,196,NEW,
197,NVDA,BUY,LIMIT,183.17,53,197,NEW,
198,SPY,SELL,LIMIT,681.65,28,198,NEW,
199,SPY,BUY,LIMIT,681.17,68,199,NEW,
200,AAPL,BUY,LIMIT,255.88,13,200,NEW,
201,AMZN,SELL,LIMIT,198.5,46,201,NEW,
202,SPY,SELL,LIMIT,681.37,3,202,NEW,
203,AMZN,SELL,LIMIT,198.55,52,203,NEW,
204,NVDA,SELL,LIMIT,183.23,16,204,NEW,
205,GOOGL,BUY,LIMIT,305.58,93,205,NEW,
206,TSLA,SELL,LIMIT,418.05,24,206,NEW,
207,AAPL,SELL,LIMIT,256.08,68,207,NEW,
208,SPY,BUY,LIMIT,681.15,28,208,NEW,
209,MSFT,SELL,LIMIT,401.14,57,209,NEW,
210,TSLA,BUY,LIMIT,417.79,14,210,NEW,
211,SPY,SELL,LIMIT,681.49,13,211,NEW,
212,MSFT,SELL,LIMIT,401,18,212,NEW,
213,AMZN,SELL,LIMIT,198.6,43,213,NEW,
214,GOOGL,BUY,LIMIT,305.63,59,214,NEW,
215,MSFT,BUY,LIMIT,400.77,73,215,NEW,
216,TSLA,SELL,LIMIT,418.14,39,216,NEW,
217,META,BUY,LIMIT,639.05,65,217,NEW,
218,SPY,BUY,LIMIT,681.26,23,218,NEW,
219,TSLA,SELL,LIMIT,417.76,24,219,NEW,
220,META,BUY,LIMIT,638.94,4,220,NEW,
221,SPY,BUY,LIMIT,680.94,14,221,NEW,
222,AMZN,BUY,LIMIT,198.53,38,222,NEW,
223,GOOGL,BUY,LIMIT,305.57,87,223,NEW,
224,TSLA,BUY,LIMIT,417.95,99,224,NEW,
225,AMZN,SELL,LIMIT,198.6,23,225,NEW,
226,META,BUY,LIMIT,638.84,516,226,NEW,
227,SPY,SELL,LIMIT,681.12,80,227,NEW,
228,GOOGL,SELL,LIMIT,305.81,17,228,NEW,
229,AMZN,BUY,LIMIT,198.49,51,229,NEW,
230,SPY,SELL,LIMIT,680.96,91,230,NEW,
231,MSFT,SELL,LIMIT,400.87,4,231,NEW,
232,AMZN,SELL,LIMIT,198.54,98,232,NEW,
233,NVDA,SELL,LIMIT,183.22,40,233,NEW,
234,TSLA,BUY,LIMIT,417.88,65,234,NEW,
235,MSFT,BUY,LIMIT,400.72,24,235,NEW,
236,GOOGL,SELL,LIMIT,305.75,28,236,NEW,
237,AAPL,BUY,LIMIT,256.01,93,237,NEW,
238,SPY,BUY,LIMIT,680.65,80,238,NEW,
239,NVDA,BUY,LIMIT,183.11,68,239,NEW,
240,TSLA,SELL,LIMIT,417.85,26,240,NEW,
241,META,SELL,LIMIT,638.98,47,241,NEW,
242,AAPL,BUY,LIMIT,256.03,70,242,NEW,
243,AMZN,BUY,LIMIT,198.44,84,243,NEW,
244,GOOGL,SELL,LIMIT,305.73,60,244,NEW,
245,AMZN,BUY,LIMIT,198.56,87,245,NEW,
246,TSLA,SELL,LIMIT,417.89,56,246,NEW,
247,NVDA,BUY,LIMIT,183.18,86,247,NEW,
248,GOOGL,BUY,LIMIT,305.61,83,248,NEW,
249,NVDA,SELL,LIMIT,183.27,3,249,NEW,
250,AMZN,SELL,LIMIT,198.54,9,250,NEW,
251,AMZN,BUY,LIMIT,198.53,80,251,NEW,
252,META,SELL,LIMIT,638.93,1,252,NEW,
253,SPY,SELL,LIMIT,680.88,46,253,NEW,
254,META,BUY,LIMIT,638.49,32,254,NEW,
255,NVDA,BUY,LIMIT,183.2,68,255,NEW,
256,GOOGL,BUY,LIMIT,305.57,95,256,NEW,
257,MSFT,BUY,LIMIT,400.61,35,257,NEW,
258,AAPL,BUY,LIMIT,256.16,70,258,NEW,
259,GOOGL,SELL,LIMIT,305.64,18,259,NEW,
260,AMZN,SELL,LIMIT,198.53,96,260,NEW,
261,AAPL,SELL,LIMIT,256.29,1,261,NEW,
262,TSLA,BUY,LIMIT,417.77,36,262,NEW,
263,GOOGL,BUY,LIMIT,305.46,86,263,NEW,
264,GOOGL,BUY,LIMIT,305.43,48,264,NEW,
265,META,BUY,LIMIT,638.83,42,265,NEW,
266,GOOGL,SELL,LIMIT,305.59,77,266,NEW,
267,SPY,SELL,LIMIT,680.93,80,267,NEW,
268,TSLA,SELL,LIMIT,418.05,5,268,NEW,
269,TSLA,BUY,LIMIT,417.8,69,269,NEW,
270,META,BUY,LIMIT,638.68,402,270,NEW,
271,MSFT,SELL,LIMIT,400.81,33,271,NEW,
272,SPY,SELL,LIMIT,680.93,61,272,NEW,
273,META,BUY,LIMIT,638.59,28,273,NEW,
274,MSFT,SELL,LIMIT,400.9,91,274,NEW,
275,AMZN,BUY,LIMIT,198.39,90,275,NEW,
276,AAPL,BUY,LIMIT,256.12,528,276,NEW,
277,NVDA,BUY,LIMIT,183.19,32,277,NEW,
278,AAPL,SELL,LIMIT,256.25,59,278,NEW,
279,AMZN,BUY,LIMIT,198.37,87,279,NEW,
280,NVDA,SELL,LIMIT,183.31,67,280,NEW,
281,SPY,SELL,LIMIT,681.03,85,281,NEW,
282,META,BUY,LIMIT,638.62,98,282,NEW,
283,GOOGL,BUY,LIMIT,305.48,96,283,NEW,
284,META,SELL,LIMIT,638.97,34,284,NEW,
285,AAPL,SELL,LIMIT,256.34,97,285,NEW,
286,MSFT,BUY,LIMIT,400.69,56,286,NEW,
287,NVDA,BUY,LIMIT,183.23,71,287,NEW,
288,AAPL,BUY,LIMIT,256.17,19,288,NEW,
289,MSFT,SELL,LIMIT,400.91,1,289,NEW,
290,AAPL,SELL,LIMIT,256.31,50,290,NEW,
291,AMZN,BUY,LIMIT,198.48,9,291,NEW,
292,AAPL,BUY,LIMIT,256.12,855,292,NEW,
293,GOOGL,BUY,LIMIT,305.59,6,293,NEW,
294,NVDA,BUY,LIMIT,183.2,16,294,NEW,
295,MSFT,BUY,LIMIT,400.6,27,295,NEW,
296,SPY,BUY,LIMIT,680.62,87,296,NEW,
297,GOOGL,SELL,LIMIT,305.73,40,297,NEW,
298,AAPL,BUY,LIMIT,256.12,15,298,NEW,
299,MSFT,SELL,LIMIT,400.78,88,299,NEW,
300,SPY,BUY,LIMIT,680.77,82,300,NEW,
301,AMZN,BUY,LIMIT,198.45,82,301,NEW,
302,GOOGL,BUY,LIMIT,305.5,58,302,NEW,
303,NVDA,BUY,LIMIT,183.24,96,303,NEW,
304,NVDA,SELL,LIMIT,183.33,346,304,NEW,
305,GOOGL,BUY,LIMIT,305.58,22,305,NEW,
306,AAPL,BUY,LIMIT,256.18,100,306,NEW,
307,AAPL,SELL,LIMIT,256.26,61,307,NEW,
308,MSFT,BUY,LIMIT,400.54,583,308,NEW,
309,NVDA,BUY,LIMIT,183.3,1,309,NEW,
310,TSLA,SELL,LIMIT,417.87,85,310,NEW,
311,MSFT,BUY,LIMIT,400.52,13,311,NEW,
312,META,BUY,LIMIT,638.85,32,312,NEW,
313,NVDA,SELL,LIMIT,183.35,41,313,NEW,
314,GOOGL,BUY,LIMIT,305.59,27,314,NEW,
315,TSLA,BUY,LIMIT,417.78,60,315,NEW,
316,NVDA,BUY,LIMIT,183.11,71,316,NEW,
317,SPY,BUY,LIMIT,680.78,893,317,NEW,
318,NVDA,BUY,LIMIT,182.96,77,318,NEW,
319,NVDA,SELL,LIMIT,183.08,692,319,NEW,
320,AAPL,SELL,LIMIT,256.35,55,320,NEW,
321,NVDA,SELL,LIMIT,183.09,436,321,NEW,
322,SPY,BUY,LIMIT,680.76,56,322,NEW,
323,META,BUY,LIMIT,639.13,15,323,NEW,
324,NVDA,SELL,LIMIT,183.04,57,324,NEW,
325,AMZN,SELL,LIMIT,198.54,31,325,NEW,
326,META,SELL,LIMIT,638.92,93,326,NEW,
327,NVDA,BUY,LIMIT,183.05,16,327,NEW,
328,MSFT,BUY,LIMIT,400.4,58,328,NEW,
329,META,SELL,LIMIT,639.42,33,329,NEW,
330,AAPL,SELL,LIMIT,256.35,51,330,NEW,
331,GOOGL,SELL,LIMIT,305.73,51,331,NEW,
332,AMZN,BUY,LIMIT,198.49,51,332,NEW,
333,NVDA,BUY,LIMIT,183.09,66,333,NEW,
334,MSFT,SELL,LIMIT,400.62,50,334,NEW,
335,NVDA,BUY,LIMIT,183.12,2,335,NEW,
336,MSFT,SELL,LIMIT,400.67,74,336,NEW,
337,SPY,BUY,LIMIT,681.03,73,337,NEW,
338,AAPL,BUY,LIMIT,256.33,62,338,NEW,
339,AMZN,SELL,LIMIT,198.54,85,339,NEW,
340,MSFT,BUY,LIMIT,400.43,45,340,NEW,
341,GOOGL,BUY,LIMIT,305.34,31,341,NEW,
342,MSFT,BUY,LIMIT,400.35,98,342,NEW,
343,SPY,BUY,LIMIT,681.12,51,343,NEW,
344,AAPL,BUY,LIMIT,256.43,60,344,NEW,
345,AAPL,SELL,LIMIT,256.64,77,345,NEW,
346,NVDA,SELL,LIMIT,183.26,53,346,NEW,
347,GOOGL,SELL,LIMIT,305.61,55,347,NEW,
348,MSFT,BUY,LIMIT,400.35,26,348,NEW,
349,GOOGL,BUY,LIMIT,305.53,307,349,NEW,
350,AAPL,SELL,LIMIT,256.64,85,350,NEW,
351,TSLA,SELL,LIMIT,418.12,85,351,NEW,
352,GOOGL,SELL,LIMIT,305.85,466,352,NEW,
353,GOOGL,SELL,LIMIT,305.89,61,353,NEW,
354,AAPL,SELL,LIMIT,256.61,75,354,NEW,
355,AMZN,SELL,LIMIT,198.57,86,355,NEW,
356,SPY,BUY,LIMIT,681.16,39,356,NEW,
357,SPY,SELL,LIMIT,681.48,18,357,NEW,
358,AAPL,BUY,LIMIT,256.53,85,358,NEW,
359,MSFT,SELL,LIMIT,400.49,58,359,NEW,
360,GOOGL,BUY,LIMIT,305.67,33,360,NEW,
361,AMZN,BUY,LIMIT,198.45,22,361,NEW,
362,NVDA,SELL,LIMIT,183.1,2,362,NEW,
363,AAPL,BUY,LIMIT,256.59,49,363,NEW,
364,MSFT,SELL,LIMIT,400.49,84,364,NEW,
365,AMZN,SELL,LIMIT,198.53,14,365,NEW,
366,SPY,SELL,LIMIT,681.56,88,366,NEW,
367,SPY,SELL,LIMIT,681.44,78,367,NEW,
368,TSLA,SELL,LIMIT,418.02,62,368,NEW,
369,AAPL,BUY,LIMIT,256.56,30,369,NEW,
370,SPY,SELL,LIMIT,681.37,48,370,NEW,
371,TSLA,BUY,LIMIT,417.82,53,371,NEW,
372,MSFT,SELL,LIMIT,400.45,71,372,NEW,
373,AAPL,BUY,LIMIT,256.61,38,373,NEW,
374,AAPL,SELL,LIMIT,256.69,33,374,NEW,
375,NVDA,BUY,LIMIT,182.96,37,375,NEW,
376,MSFT,BUY,LIMIT,400.3,46,376,NEW,
377,TSLA,BUY,LIMIT,417.7,21,377,NEW,
378,AAPL,BUY,LIMIT,256.48,92,378,NEW,
379,GOOGL,SELL,LIMIT,305.8,100,379,NEW,
380,AAPL,SELL,LIMIT,256.64,885,380,NEW,
381,GOOGL,BUY,LIMIT,305.79,84,381,NEW,
382,SPY,BUY,LIMIT,680.94,451,382,NEW,
383,GOOGL,SELL,LIMIT,305.92,20,383,NEW,
384,MSFT,BUY,LIMIT,400.3,43,384,NEW,
385,AMZN,BUY,LIMIT,198.38,51,385,NEW,
386,META,BUY,LIMIT,639.42,65,386,NEW,
387,MSFT,BUY,LIMIT,400.35,100,387,NEW,
388,META,BUY,LIMIT,639.19,45,388,NEW,
389,NVDA,BUY,LIMIT,182.93,667,389,NEW,
390,MSFT,BUY,LIMIT,400.29,62,390,NEW,
391,AAPL,SELL,LIMIT,256.7,31,391,NEW,
392,GOOGL,SELL,LIMIT,305.96,78,392,NEW,
393,META,BUY,LIMIT,639.13,44,393,NEW,
394,SPY,BUY,LIMIT,681.11,933,394,NEW,
395,AMZN,SELL,LIMIT,198.4,41,395,NEW,
396,AAPL,BUY,LIMIT,256.54,81,396,NEW,
397,AAPL,SELL,LIMIT,256.7,70,397,NEW,
398,MSFT,SELL,LIMIT,400.31,12,398,NEW,
399,SPY,SELL,LIMIT,681.33,67,399,NEW,
400,SPY,SELL,LIMIT,681.44,61,400,NEW,
401,GOOGL,SELL,LIMIT,305.86,49,401,NEW,
402,MSFT,SELL,LIMIT,400.2,788,402,NEW,
403,META,SELL,LIMIT,639.37,13,403,NEW,
404,AAPL,BUY,LIMIT,256.6,72,404,NEW,
405,AMZN,SELL,LIMIT,198.39,8,405,NEW,
406,SPY,SELL,LIMIT,681.54,35,406,NEW,
407,TSLA,BUY,LIMIT,417.57,87,407,NEW,
408,META,BUY,LIMIT,639.06,38,408,NEW,
409,SPY,SELL,LIMIT,681.46,7,409,NEW,
410,NVDA,BUY,LIMIT,182.91,430,410,NEW,
411,META,BUY,LIMIT,639.09,29,411,NEW,
412,AAPL,SELL,LIMIT,256.74,49,412,NEW,
413,SPY,SELL,LIMIT,681.46,64,413,NEW,
414,GOOGL,SELL,LIMIT,305.89,29,414,NEW,
415,AMZN,SELL,LIMIT,198.42,34,415,NEW,
416,AMZN,BUY,LIMIT,198.28,38,416,NEW,
417,META,BUY,LIMIT,639.06,91,417,NEW,
418,AAPL,SELL,LIMIT,256.77,98,418,NEW,
419,SPY,BUY,LIMIT,681.13,97,419,NEW,
420,META,BUY,LIMIT,638.76,46,420,NEW,
421,MSFT,SELL,LIMIT,400.3,80,421,NEW,
422,NVDA,SELL,LIMIT,182.99,94,422,NEW,
423,TSLA,BUY,LIMIT,417.7,80,423,NEW,
424,AMZN,SELL,LIMIT,198.47,59,424,NEW,
425,NVDA,BUY,LIMIT,182.96,60,425,NEW,
426,AMZN,BUY,LIMIT,198.42,72,426,NEW,
427,NVDA,SELL,LIMIT,183.1,14,427,NEW,
428,MSFT,SELL,LIMIT,400.39,45,428,NEW,
429,AMZN,SELL,LIMIT,198.49,100,429,NEW,
430,SPY,BUY,LIMIT,681.21,33,430,NEW,
431,SPY,SELL,LIMIT,681.37,694,431,NEW,
432,NVDA,SELL,LIMIT,183.1,45,432,NEW,
433,MSFT,BUY,LIMIT,400.32,784,433,NEW,
434,AAPL,SELL,LIMIT,256.7,39,434,NEW,
435,AAPL,BUY,LIMIT,256.46,25,435,NEW,
436,NVDA,BUY,LIMIT,183.03,76,436,NEW,
437,NVDA,SELL,LIMIT,182.98,67,437,NEW,
438,TSLA,SELL,LIMIT,418.12,539,438,NEW,
439,NVDA,BUY,LIMIT,182.99,35,439,NEW,
440,TSLA,SELL,LIMIT,418.11,78,440,NEW,
441,MSFT,SELL,LIMIT,400.45,58,441,NEW,
442,AMZN,SELL,LIMIT,198.57,900,442,NEW,
443,AMZN,SELL,LIMIT,198.51,55,443,NEW,
444,GOOGL,SELL,LIMIT,305.89,20,444,NEW,
445,META,BUY,LIMIT,638.77,71,445,NEW,
446,NVDA,SELL,LIMIT,183.03,57,446,NEW,
447,SPY,BUY,LIMIT,680.96,22,447,NEW,
448,META,BUY,LIMIT,638.98,65,448,NEW,
449,MSFT,SELL,LIMIT,400.41,73,449,NEW,
450,META,BUY,LIMIT,638.49,96,450,NEW,
451,NVDA,BUY,LIMIT,182.97,53,451,NEW,
452,TSLA,BUY,LIMIT,418.03,41,452,NEW,
453,MSFT,BUY,LIMIT,400.2,83,453,NEW,
454,SPY,BUY,LIMIT,680.98,6,454,NEW,
455,GOOGL,BUY,LIMIT,305.7,48,455,NEW,
456,AAPL,SELL,LIMIT,256.46,62,456,NEW,
457,MSFT,SELL,LIMIT,400.46,37,457,NEW,
458,TSLA,SELL,LIMIT,418.38,97,458,NEW,
459,NVDA,SELL,LIMIT,183.04,38,459,NEW,
460,MSFT,BUY,LIMIT,400.42,25,460,NEW,
461,GOOGL,BUY,LIMIT,305.79,3,461,NEW,
462,SPY,BUY,LIMIT,681.03,88,462,NEW,
463,MSFT,BUY,LIMIT,400.42,22,463,NEW,
464,NVDA,SELL,LIMIT,183.04,6,464,NEW,
465,MSFT,BUY,LIMIT,400.38,91,465,NEW,
466,MSFT,BUY,LIMIT,400.5,36,466,NEW,
467,META,SELL,LIMIT,638.8,72,467,NEW,
468,META,BUY,LIMIT,638.82,55,468,NEW,
469,MSFT,BUY,LIMIT,400.54,11,469,NEW,
470,AMZN,SELL,LIMIT,198.57,63,470,NEW,
471,TSLA,BUY,LIMIT,418.36,3,471,NEW,
472,MSFT,BUY,LIMIT,400.42,70,472,NEW,
473,AMZN,SELL,LIMIT,198.55,47,473,NEW,
474,GOOGL,BUY,LIMIT,305.71,42,474,NEW,
475,META,SELL,LIMIT,638.98,44,475,NEW,
476,AMZN,SELL,LIMIT,198.51,65,476,NEW,
477,TSLA,BUY,LIMIT,418.4,756,477,NEW,
478,AMZN,BUY,LIMIT,198.54,93,478,NEW,
479,META,BUY,LIMIT,638.87,61,479,NEW,
480,NVDA,SELL,LIMIT,183.02,54,480,NEW,
481,NVDA,BUY,LIMIT,182.92,47,481,NEW,
482,AAPL,BUY,LIMIT,256.31,96,482,NEW,
483,NVDA,SELL,LIMIT,182.96,28,483,NEW,
484,AAPL,BUY,LIMIT,256.33,55,484,NEW,
485,AMZN,BUY,LIMIT,198.52,44,485,NEW,
486,AMZN,SELL,LIMIT,198.58,57,486,NEW,
487,AMZN,SELL,LIMIT,198.59,21,487,NEW,
488,TSLA,BUY,LIMIT,418.55,86,488,NEW,
489,META,SELL,LIMIT,639.01,69,489,NEW,
490,AAPL,SELL,LIMIT,256.48,20,490,NEW,
491,MSFT,BUY,LIMIT,400.35,70,491,NEW,
492,MSFT,BUY,LIMIT,400.41,15,492,NEW,
493,AAPL,SELL,LIMIT,256.48,80,493,NEW,
494,AMZN,SELL,LIMIT,198.55,29,494,NEW,
495,SPY,SELL,LIMIT,681.32,22,495,NEW,
496,NVDA,SELL,LIMIT,182.95,54,496,NEW,
497,AMZN,BUY,LIMIT,198.51,60,497,NEW,
498,NVDA,BUY,LIMIT,182.89,15,498,NEW,
499,NVDA,SELL,LIMIT,183.03,50,499,NEW,
500,GOOGL,SELL,LIMIT,305.79,42,500,NEW,
501,MSFT,SELL,LIMIT,400.48,38,501,NEW,
502,AMZN,BUY,LIMIT,198.5,83,502,NEW,
503,TSLA,BUY,LIMIT,418.53,44,503,NEW,
504,GOOGL,SELL,LIMIT,305.73,44,504,NEW,
505,SPY,SELL,LIMIT,681.38,87,505,NEW,
506,SPY,SELL,LIMIT,681.23,556,506,NEW,
507,SPY,BUY,LIMIT,681.03,51,507,NEW,
508,NVDA,BUY,LIMIT,183,6,508,NEW,
509,META,SELL,LIMIT,639.24,583,509,NEW,
510,AMZN,SELL,LIMIT,198.55,9,510,NEW,
511,NVDA,SELL,LIMIT,183.11,44,511,NEW,
512,AAPL,SELL,LIMIT,256.48,1,512,NEW,
513,TSLA,SELL,LIMIT,418.5,13,513,NEW,
514,MSFT,BUY,LIMIT,400.33,95,514,NEW,
515,AAPL,SELL,LIMIT,256.42,61,515,NEW,
516,TSLA,BUY,LIMIT,418.64,40,516,NEW,
517,MSFT,SELL,LIMIT,400.39,23,517,NEW,
518,TSLA,SELL,LIMIT,418.94,26,518,NEW,
519,GOOGL,SELL,LIMIT,305.63,61,519,NEW,
520,NVDA,BUY,LIMIT,182.97,35,520,NEW,
521,TSLA,SELL,LIMIT,418.92,30,521,NEW,
522,MSFT,SELL,LIMIT,400.36,32,522,NEW,
523,AAPL,SELL,LIMIT,256.4,13,523,NEW,
524,AAPL,BUY,LIMIT,256.28,60,524,NEW,
525,MSFT,SELL,LIMIT,400.33,10,525,NEW,
526,AAPL,SELL,LIMIT,256.4,87,526,NEW,
527,AMZN,BUY,LIMIT,198.41,75,527,NEW,
528,AAPL,SELL,LIMIT,256.34,3,528,NEW,
529,AMZN,SELL,LIMIT,198.56,70,529,NEW,
530,AMZN,SELL,LIMIT,198.5,81,530,NEW,
531,TSLA,BUY,LIMIT,418.57,21,531,NEW,
532,GOOGL,BUY,LIMIT,305.64,213,532,NEW,
533,META,BUY,LIMIT,639.25,7,533,NEW,
534,SPY,SELL,LIMIT,681.27,25,534,NEW,
535,SPY,BUY,LIMIT,680.82,36,535,NEW,
536,NVDA,BUY,LIMIT,182.93,26,536,NEW,
537,AAPL,SELL,LIMIT,256.3,88,537,NEW,
538,NVDA,BUY,LIMIT,182.87,7,538,NEW,
539,NVDA,BUY,LIMIT,182.89,52,539,NEW,
540,MSFT,SELL,LIMIT,400.34,93,540,NEW,
541,SPY,SELL,LIMIT,681.09,465,541,NEW,
542,TSLA,SELL,LIMIT,418.72,75,542,NEW,
543,META,SELL,LIMIT,639.45,87,543,NEW,
544,META,SELL,LIMIT,639.41,93,544,NEW,
545,NVDA,BUY,LIMIT,182.87,81,545,NEW,
546,TSLA,SELL,LIMIT,418.9,30,546,NEW,
547,NVDA,BUY,LIMIT,182.93,11,547,NEW,
548,SPY,BUY,LIMIT,680.82,51,548,NEW,
549,GOOGL,BUY,LIMIT,305.74,52,549,NEW,
550,AMZN,BUY,LIMIT,198.43,75,550,NEW,
551,NVDA,BUY,LIMIT,182.91,378,551,NEW,
552,META,SELL,LIMIT,639.27,7,552,NEW,
553,TSLA,SELL,LIMIT,418.99,4,553,NEW,
554,GOOGL,BUY,LIMIT,305.68,80,554,NEW,
555,TSLA,SELL,LIMIT,419.19,97,555,NEW,
556,TSLA,SELL,LIMIT,419.03,23,556,NEW,
557,AMZN,SELL,LIMIT,198.44,37,557,NEW,
558,NVDA,SELL,LIMIT,183.05,58,558,NEW,
559,SPY,SELL,LIMIT,681.19,1,559,NEW,
560,META,SELL,LIMIT,639.39,58,560,NEW,
561,AAPL,BUY,LIMIT,256.22,17,561,NEW,
562,AAPL,SELL,LIMIT,256.28,67,562,NEW,
563,TSLA,SELL,LIMIT,418.88,11,563,NEW,
564,AMZN,BUY,LIMIT,198.37,18,564,NEW,
565,AMZN,SELL,LIMIT,198.41,42,565,NEW,
566,META,BUY,LIMIT,639.23,91,566,NEW,
567,AMZN,SELL,LIMIT,198.44,7,567,NEW,
568,SPY,BUY,LIMIT,680.79,8,568,NEW,
569,TSLA,BUY,LIMIT,419.04,294,569,NEW,
570,TSLA,BUY,LIMIT,419.18,74,570,NEW,
571,AMZN,SELL,LIMIT,198.42,25,571,NEW,
572,MSFT,SELL,LIMIT,400.36,42,572,NEW,
573,SPY,SELL,LIMIT,681.05,97,573,NEW,
574,AAPL,SELL,LIMIT,256.3,85,574,NEW,
575,MSFT,SELL,LIMIT,400.34,74,575,NEW,
576,GOOGL,BUY,LIMIT,305.69,97,576,NEW,
577,SPY,BUY,LIMIT,680.7,61,577,NEW,
578,AMZN,SELL,LIMIT,198.44,85,578,NEW,
579,TSLA,BUY,LIMIT,419.15,81,579,NEW,
580,TSLA,SELL,LIMIT,419.21,497,580,NEW,
581,NVDA,BUY,LIMIT,182.98,549,581,NEW,
582,SPY,SELL,LIMIT,680.99,37,582,NEW,
583,NVDA,BUY,LIMIT,183.03,30,583,NEW,
584,META,SELL,LIMIT,639.43,81,584,NEW,
585,NVDA,BUY,LIMIT,183.01,10,585,NEW,
586,MSFT,SELL,LIMIT,400.39,76,586,NEW,
587,MSFT,BUY,LIMIT,400.14,462,587,NEW,
588,GOOGL,BUY,LIMIT,305.67,39,588,NEW,
589,NVDA,SELL,LIMIT,182.88,66,589,NEW,
590,AMZN,BUY,LIMIT,198.31,60,590,NEW,
591,SPY,BUY,LIMIT,680.88,61,591,NEW,
592,AAPL,SELL,LIMIT,256.31,72,592,NEW,
593,GOOGL,SELL,LIMIT,305.8,78,593,NEW,
594,SPY,BUY,LIMIT,680.75,64,594,NEW,
595,AMZN,BUY,LIMIT,198.23,82,595,NEW,
596,SPY,SELL,LIMIT,680.95,68,596,NEW,
597,AAPL,SELL,LIMIT,256.3,535,597,NEW,
598,META,BUY,LIMIT,639.31,74,598,NEW,
599,META,BUY,LIMIT,639.49,68,599,NEW,
600,TSLA,BUY,LIMIT,419.14,90,600,NEW,
601,MSFT,SELL,LIMIT,400.3,2,601,NEW,
602,TSLA,BUY,LIMIT,419.17,507,602,NEW,
603,NVDA,BUY,LIMIT,182.73,50,603,NEW,
604,AAPL,BUY,LIMIT,256.3,50,604,NEW,
605,NVDA,BUY,LIMIT,182.72,93,605,NEW,
606,NVDA,SELL,LIMIT,182.92,24,606,NEW,
607,NVDA,BUY,LIMIT,182.86,23,607,NEW,
608,MSFT,BUY,LIMIT,400.12,72,608,NEW,
609,AAPL,SELL,LIMIT,256.34,65,609,NEW,
610,MSFT,SELL,LIMIT,400.51,51,610,NEW,
611,NVDA,SELL,LIMIT,182.89,35,611,NEW,
612,NVDA,BUY,LIMIT,182.83,33,612,NEW,
613,MSFT,SELL,LIMIT,400.5,70,613,NEW,
614,GOOGL,SELL,LIMIT,305.69,40,614,NEW,
615,AAPL,BUY,LIMIT,256.2,74,615,NEW,
616,AAPL,BUY,LIMIT,256.25,70,616,NEW,
617,MSFT,SELL,LIMIT,400.63,21,617,NEW,
618,AAPL,SELL,LIMIT,256.2,67,618,NEW,
619,AMZN,SELL,LIMIT,198.22,44,619,NEW,
620,GOOGL,SELL,LIMIT,305.75,47,620,NEW,
621,SPY,BUY,LIMIT,680.68,88,621,NEW,
622,MSFT,BUY,LIMIT,400.41,20,622,NEW,
623,META,BUY,LIMIT,639.37,743,623,NEW,
624,AMZN,BUY,LIMIT,198.18,91,624,NEW,
625,TSLA,SELL,LIMIT,419.45,80,625,NEW,
626,MSFT,SELL,LIMIT,400.53,32,626,NEW,
627,MSFT,BUY,LIMIT,400.3,82,627,NEW,
628,AMZN,BUY,LIMIT,198.22,71,628,NEW,
629,MSFT,SELL,LIMIT,400.54,98,629,NEW,
630,GOOGL,BUY,LIMIT,305.64,85,630,NEW,
631,NVDA,BUY,LIMIT,182.89,50,631,NEW,
632,GOOGL,SELL,LIMIT,305.75,56,632,NEW,
633,NVDA,BUY,LIMIT,182.91,19,633,NEW,
634,GOOGL,BUY,LIMIT,305.64,8,634,NEW,
635,AAPL,BUY,LIMIT,256.01,12,635,NEW,
636,AAPL,SELL,LIMIT,256,810,636,NEW,
637,AMZN,BUY,LIMIT,198.23,18,637,NEW,
638,NVDA,BUY,LIMIT,182.92,52,638,NEW,
639,SPY,SELL,LIMIT,680.8,244,639,NEW,
640,NVDA,BUY,LIMIT,182.93,72,640,NEW,
641,MSFT,SELL,LIMIT,400.57,62,641,NEW,
642,GOOGL,BUY,LIMIT,305.6,70,642,NEW,
643,NVDA,BUY,LIMIT,182.89,74,643,NEW,
644,AAPL,BUY,LIMIT,255.85,45,644,NEW,
645,AMZN,SELL,LIMIT,198.33,30,645,NEW,
646,META,BUY,LIMIT,639.52,13,646,NEW,
647,MSFT,SELL,LIMIT,400.5,24,647,NEW,
648,AMZN,SELL,LIMIT,198.37,31,648,NEW,
649,NVDA,SELL,LIMIT,182.89,884,649,NEW,
650,AMZN,SELL,LIMIT,198.28,30,650,NEW,
651,META,SELL,LIMIT,639.81,82,651,NEW,
652,MSFT,SELL,LIMIT,400.53,58,652,NEW,
653,META,SELL,LIMIT,640.03,14,653,NEW,
654,TSLA,SELL,LIMIT,419.79,20,654,NEW,
655,SPY,BUY,LIMIT,680.36,225,655,NEW,
656,TSLA,SELL,LIMIT,419.88,98,656,NEW,
657,GOOGL,BUY,LIMIT,305.63,35,657,NEW,
658,MSFT,BUY,LIMIT,400.38,400,658,NEW,
659,AAPL,BUY,LIMIT,255.83,41,659,NEW,
660,AMZN,SELL,LIMIT,198.21,94,660,NEW,
661,SPY,BUY,LIMIT,680.44,56,661,NEW,
662,AAPL,BUY,LIMIT,255.71,57,662,NEW,
663,SPY,BUY,LIMIT,680.38,65,663,NEW,
664,TSLA,SELL,LIMIT,420.07,99,664,NEW,
665,META,BUY,LIMIT,639.99,27,665,NEW,
666,AAPL,BUY,LIMIT,255.71,21,666,NEW,
667,TSLA,BUY,LIMIT,420.17,29,667,NEW,
668,SPY,SELL,LIMIT,680.66,63,668,NEW,
669,SPY,BUY,LIMIT,680.44,15,669,NEW,
670,AMZN,BUY,LIMIT,198.13,85,670,NEW,
671,SPY,BUY,LIMIT,680.35,69,671,NEW,
672,GOOGL,SELL,LIMIT,305.81,12,672,NEW,
673,AAPL,BUY,LIMIT,255.79,62,673,NEW,
674,META,BUY,LIMIT,640.38,42,674,NEW,
675,AAPL,BUY,LIMIT,255.82,58,675,NEW,
676,MSFT,SELL,LIMIT,400.4,12,676,NEW,
677,SPY,BUY,LIMIT,680.56,74,677,NEW,
678,MSFT,BUY,LIMIT,400.18,54,678,NEW,
679,MSFT,SELL,LIMIT,400.31,29,679,NEW,
680,NVDA,BUY,LIMIT,182.7,28,680,NEW,
681,MSFT,BUY,LIMIT,400.11,64,681,NEW,
682,AAPL,SELL,LIMIT,255.93,67,682,NEW,
683,TSLA,SELL,LIMIT,420.39,34,683,NEW,
684,AMZN,BUY,LIMIT,198.21,733,684,NEW,
685,AAPL,BUY,LIMIT,255.84,24,685,NEW,
686,MSFT,BUY,LIMIT,400.08,77,686,NEW,
687,AMZN,BUY,LIMIT,198.21,97,687,NEW,
688,SPY,SELL,LIMIT,680.84,1,688,NEW,
689,MSFT,SELL,LIMIT,400.25,75,689,NEW,
690,MSFT,SELL,LIMIT,400.37,633,690,NEW,
691,MSFT,SELL,LIMIT,400.27,89,691,NEW,
692,META,SELL,LIMIT,640.78,73,692,NEW,
693,AAPL,SELL,LIMIT,255.99,28,693,NEW,
694,GOOGL,BUY,LIMIT,305.69,92,694,NEW,
695,NVDA,BUY,LIMIT,182.78,24,695,NEW,
696,META,SELL,LIMIT,640.8,44,696,NEW,
697,AMZN,SELL,LIMIT,198.2,38,697,NEW,
698,NVDA,SELL,LIMIT,182.9,31,698,NEW,
699,AAPL,SELL,LIMIT,255.98,69,699,NEW,
700,AMZN,SELL,LIMIT,198.21,89,700,NEW,
701,AAPL,BUY,LIMIT,255.87,84,701,NEW,
702,TSLA,SELL,LIMIT,420.5,31,702,NEW,
703,MSFT,BUY,LIMIT,400.07,80,703,NEW,
704,NVDA,SELL,LIMIT,182.88,971,704,NEW,
705,NVDA,SELL,LIMIT,182.97,50,705,NEW,
706,AAPL,BUY,LIMIT,256.04,69,706,NEW,
707,AAPL,SELL,LIMIT,256.07,36,707,NEW,
708,META,BUY,LIMIT,640.51,65,708,NEW,
709,AAPL,BUY,LIMIT,255.9,54,709,NEW,
710,NVDA,BUY,LIMIT,182.9,64,710,NEW,
711,AAPL,SELL,LIMIT,256.02,18,711,NEW,
712,MSFT,BUY,LIMIT,400.09,98,712,NEW,
713,SPY,SELL,LIMIT,680.85,60,713,NEW,
714,NVDA,SELL,LIMIT,182.92,6,714,NEW,
715,GOOGL,SELL,LIMIT,305.76,42,715,NEW,
716,TSLA,SELL,LIMIT,420.32,6,716,NEW,
717,MSFT,SELL,LIMIT,400.26,47,717,NEW,
718,NVDA,SELL,LIMIT,182.93,45,718,NEW,
719,GOOGL,SELL,LIMIT,305.88,23,719,NEW,
720,AMZN,BUY,LIMIT,198.13,76,720,NEW,
721,TSLA,SELL,LIMIT,420.42,47,721,NEW,
722,MSFT,BUY,LIMIT,400.08,47,722,NEW,
723,GOOGL,BUY,LIMIT,305.81,679,723,NEW,
724,NVDA,BUY,LIMIT,182.75,15,724,NEW,
725,NVDA,BUY,LIMIT,182.78,87,725,NEW,
726,META,BUY,LIMIT,640.72,7,726,NEW,
727,GOOGL,BUY,LIMIT,305.8,1,727,NEW,
728,TSLA,SELL,LIMIT,420.46,30,728,NEW,
729,AMZN,SELL,LIMIT,198.2,8,729,NEW,
730,TSLA,SELL,LIMIT,420.26,77,730,NEW,
731,MSFT,SELL,LIMIT,400.2,83,731,NEW,
732,NVDA,SELL,LIMIT,182.92,81,732,NEW,
733,SPY,SELL,LIMIT,680.62,33,733,NEW,
734,AMZN,SELL,LIMIT,198.2,8,734,NEW,
735,SPY,BUY,LIMIT,680.25,34,735,NEW,
736,MSFT,SELL,LIMIT,400.19,822,736,NEW,
737,MSFT,SELL,LIMIT,400.15,66,737,NEW,
738,AMZN,SELL,LIMIT,198.18,78,738,NEW,
739,NVDA,BUY,LIMIT,182.85,24,739,NEW,
740,AAPL,BUY,LIMIT,255.92,89,740,NEW,
741,MSFT,BUY,LIMIT,400.06,98,741,NEW,
742,MSFT,SELL,LIMIT,400.14,78,742,NEW,
743,MSFT,SELL,LIMIT,400.15,526,743,NEW,
744,AAPL,SELL,LIMIT,255.99,49,744,NEW,
745,AMZN,BUY,LIMIT,198.09,28,745,NEW,
746,GOOGL,BUY,LIMIT,305.81,82,746,NEW,
747,TSLA,BUY,LIMIT,420.1,49,747,NEW,
748,META,SELL,LIMIT,640.92,96,748,NEW,
749,SPY,SELL,LIMIT,680.35,45,749,NEW,
750,AMZN,SELL,LIMIT,198.18,18,750,NEW,
751,SPY,SELL,LIMIT,680.22,68,751,NEW,
752,AAPL,BUY,LIMIT,255.98,246,752,NEW,
753,MSFT,BUY,LIMIT,399.87,49,753,NEW,
754,SPY,BUY,LIMIT,679.74,80,754,NEW,
755,META,SELL,LIMIT,640.93,13,755,NEW,
756,MSFT,BUY,LIMIT,399.87,77,756,NEW,
757,AAPL,SELL,LIMIT,256.04,41,757,NEW,
758,NVDA,SELL,LIMIT,183.03,100,758,NEW,
759,TSLA,SELL,LIMIT,420.02,84,759,NEW,
760,MSFT,BUY,LIMIT,399.97,98,760,NEW,
761,MSFT,BUY,LIMIT,399.93,78,761,NEW,
762,NVDA,SELL,LIMIT,183.11,53,762,NEW,
763,MSFT,BUY,LIMIT,399.94,63,763,NEW,
764,TSLA,SELL,LIMIT,419.83,8,764,NEW,
765,AAPL,SELL,LIMIT,256.08,680,765,NEW,
766,META,BUY,LIMIT,640.88,20,766,NEW,
767,AMZN,SELL,LIMIT,198.08,84,767,NEW,
768,NVDA,BUY,LIMIT,182.96,65,768,NEW,
769,SPY,SELL,LIMIT,680.09,62,769,NEW,
770,MSFT,SELL,LIMIT,400.05,42,770,NEW,
771,AMZN,BUY,LIMIT,198.01,97,771,NEW,
772,AAPL,BUY,LIMIT,256.02,21,772,NEW,
773,AMZN,BUY,LIMIT,198.01,31,773,NEW,
774,GOOGL,BUY,LIMIT,305.81,48,774,NEW,
775,SPY,SELL,LIMIT,680.14,30,775,NEW,
776,SPY,BUY,LIMIT,679.89,7,776,NEW,
777,AAPL,SELL,LIMIT,256.11,387,777,NEW,
778,TSLA,SELL,LIMIT,419.69,12,778,NEW,
779,NVDA,BUY,LIMIT,182.97,24,779,NEW,
780,AAPL,BUY,LIMIT,255.95,65,780,NEW,
781,GOOGL,BUY,LIMIT,305.99,80,781,NEW,
782,MSFT,BUY,LIMIT,399.86,39,782,NEW,
783,META,BUY,LIMIT,641.13,55,783,NEW,
784,SPY,SELL,LIMIT,679.91,2,784,NEW,
785,NVDA,BUY,LIMIT,183.11,2,785,NEW,
786,NVDA,BUY,LIMIT,183.07,683,786,NEW,
787,MSFT,SELL,LIMIT,400.01,34,787,NEW,
788,META,SELL,LIMIT,641.49,84,788,NEW,
789,TSLA,SELL,LIMIT,419.63,86,789,NEW,
790,AAPL,SELL,LIMIT,255.89,77,790,NEW,
791,AMZN,BUY,LIMIT,198.05,89,791,NEW,
792,META,SELL,LIMIT,641.76,70,792,NEW,
793,AMZN,SELL,LIMIT,198.16,47,793,NEW,
794,AMZN,SELL,LIMIT,198.12,86,794,NEW,
795,NVDA,BUY,LIMIT,183.06,49,795,NEW,
796,SPY,SELL,LIMIT,680.03,47,796,NEW,
797,SPY,SELL,LIMIT,680.06,86,797,NEW,
798,GOOGL,SELL,LIMIT,305.98,44,798,NEW,
799,NVDA,BUY,LIMIT,183.02,48,799,NEW,
800,AAPL,SELL,LIMIT,255.78,18,800,NEW,
801,GOOGL,BUY,LIMIT,305.8,1,801,NEW,
802,AMZN,SELL,LIMIT,198.03,33,802,NEW,
803,AAPL,BUY,LIMIT,255.65,286,803,NEW,
804,AMZN,BUY,LIMIT,197.97,24,804,NEW,
805,MSFT,BUY,LIMIT,399.77,8,805,NEW,
806,NVDA,SELL,LIMIT,183.07,14,806,NEW,
807,NVDA,BUY,LIMIT,183.03,75,807,NEW,
808,SPY,BUY,LIMIT,679.69,51,808,NEW,
809,META,SELL,LIMIT,641.37,28,809,NEW,
810,GOOGL,BUY,LIMIT,305.81,63,810,NEW,
811,GOOGL,BUY,LIMIT,305.84,40,811,NEW,
812,NVDA,BUY,LIMIT,183.1,89,812,NEW,
813,AAPL,SELL,LIMIT,255.75,10,813,NEW,
814,AAPL,SELL,LIMIT,255.84,90,814,NEW,
815,META,SELL,LIMIT,641.82,50,815,NEW,
816,AAPL,BUY,LIMIT,255.75,666,816,NEW,
817,NVDA,BUY,LIMIT,183.2,65,817,NEW,
818,AMZN,SELL,LIMIT,198.12,60,818,NEW,
819,MSFT,SELL,LIMIT,399.87,58,819,NEW,
820,META,SELL,LIMIT,641.98,20,820,NEW,
821,MSFT,SELL,LIMIT,399.9,85,821,NEW,
822,TSLA,SELL,LIMIT,419.51,371,822,NEW,
823,TSLA,SELL,LIMIT,419.95,25,823,NEW,
824,TSLA,BUY,LIMIT,419.66,24,824,NEW,
825,TSLA,BUY,LIMIT,419.51,98,825,NEW,
826,META,SELL,LIMIT,642.01,46,826,NEW,
827,NVDA,SELL,LIMIT,183.2,61,827,NEW,
828,META,SELL,LIMIT,641.67,11,828,NEW,
829,SPY,SELL,LIMIT,679.96,7,829,NEW,
830,MSFT,BUY,LIMIT,399.64,31,830,NEW,
831,SPY,BUY,LIMIT,679.81,75,831,NEW,
832,GOOGL,SELL,LIMIT,305.94,70,832,NEW,
833,AAPL,BUY,LIMIT,255.71,86,833,NEW,
834,NVDA,SELL,LIMIT,183.28,13,834,NEW,
835,AAPL,SELL,LIMIT,255.7,34,835,NEW,
836,MSFT,BUY,LIMIT,399.7,49,836,NEW,
837,SPY,SELL,LIMIT,680.06,100,837,NEW,
838,AAPL,BUY,LIMIT,255.57,91,838,NEW,
839,MSFT,BUY,LIMIT,399.59,90,839,NEW,
840,AAPL,SELL,LIMIT,255.77,53,840,NEW,
841,GOOGL,SELL,LIMIT,306,36,841,NEW,
842,SPY,BUY,LIMIT,679.73,79,842,NEW,
843,AAPL,BUY,LIMIT,255.68,38,843,NEW,
844,META,SELL,LIMIT,641.75,55,844,NEW,
845,AMZN,BUY,LIMIT,198.1,88,845,NEW,
846,GOOGL,BUY,LIMIT,305.82,15,846,NEW,
847,NVDA,SELL,LIMIT,183.28,97,847,NEW,
848,MSFT,BUY,LIMIT,399.56,30,848,NEW,
849,AAPL,SELL,LIMIT,255.75,65,849,NEW,
850,MSFT,SELL,LIMIT,399.73,63,850,NEW,
851,TSLA,SELL,LIMIT,419.75,1,851,NEW,
852,META,BUY,LIMIT,641.74,30,852,NEW,
853,MSFT,SELL,LIMIT,399.9,91,853,NEW,
854,TSLA,BUY,LIMIT,419.67,34,854,NEW,
855,TSLA,BUY,LIMIT,419.81,89,855,NEW,
856,MSFT,BUY,LIMIT,399.84,3,856,NEW,
857,MSFT,SELL,LIMIT,399.99,20,857,NEW,
858,TSLA,SELL,LIMIT,419.97,54,858,NEW,
859,NVDA,BUY,LIMIT,183.18,43,859,NEW,
860,NVDA,SELL,LIMIT,183.26,52,860,NEW,
861,GOOGL,BUY,LIMIT,305.83,8,861,NEW,
862,AAPL,BUY,LIMIT,255.59,88,862,NEW,
863,SPY,SELL,LIMIT,680.12,93,863,NEW,
864,GOOGL,SELL,LIMIT,305.96,89,864,NEW,
865,TSLA,BUY,LIMIT,419.84,76,865,NEW,
866,TSLA,BUY,LIMIT,419.77,990,866,NEW,
867,SPY,BUY,LIMIT,679.93,47,867,NEW,
868,GOOGL,SELL,LIMIT,305.93,30,868,NEW,
869,TSLA,BUY,LIMIT,419.89,23,869,NEW,
870,AAPL,SELL,LIMIT,255.56,635,870,NEW,
871,TSLA,SELL,LIMIT,420.08,67,871,NEW,
872,GOOGL,BUY,LIMIT,305.87,943,872,NEW,
873,TSLA,SELL,LIMIT,420.17,98,873,NEW,
874,META,BUY,LIMIT,641.65,610,874,NEW,
875,NVDA,BUY,LIMIT,183.18,82,875,NEW,
876,TSLA,BUY,LIMIT,419.94,84,876,NEW,
877,SPY,BUY,LIMIT,679.91,1,877,NEW,
878,AAPL,SELL,LIMIT,255.61,42,878,NEW,
879,GOOGL,SELL,LIMIT,306.06,1,879,NEW,
880,AAPL,SELL,LIMIT,255.57,330,880,NEW,
881,TSLA,SELL,LIMIT,420.19,99,881,NEW,
882,SPY,BUY,LIMIT,679.93,17,882,NEW,
883,AMZN,SELL,LIMIT,198.11,71,883,NEW,
884,SPY,SELL,LIMIT,680.12,63,884,NEW,
885,AMZN,BUY,LIMIT,198.03,54,885,NEW,
886,NVDA,BUY,LIMIT,183.25,95,886,NEW,
887,NVDA,SELL,LIMIT,183.23,704,887,NEW,
888,AMZN,SELL,LIMIT,198.03,9,888,NEW,
889,NVDA,BUY,LIMIT,183.25,93,889,NEW,
890,AMZN,SELL,LIMIT,198.04,814,890,NEW,
891,NVDA,SELL,LIMIT,183.29,68,891,NEW,
892,GOOGL,BUY,LIMIT,305.97,51,892,NEW,
893,MSFT,BUY,LIMIT,399.8,4,893,NEW,
894,NVDA,BUY,LIMIT,183.08,64,894,NEW,
895,AMZN,BUY,LIMIT,197.98,73,895,NEW,
896,AMZN,SELL,LIMIT,198.06,26,896,NEW,
897,SPY,SELL,LIMIT,679.97,5,897,NEW,
898,MSFT,SELL,LIMIT,399.82,1,898,NEW,
899,AAPL,SELL,LIMIT,255.63,86,899,NEW,
900,SPY,BUY,LIMIT,679.74,78,900,NEW,
901,NVDA,BUY,LIMIT,182.98,17,901,NEW,
902,MSFT,SELL,LIMIT,399.83,33,902,NEW,
903,NVDA,SELL,LIMIT,183.02,3,903,NEW,
904,GOOGL,SELL,LIMIT,306.04,55,904,NEW,
905,MSFT,BUY,LIMIT,399.57,21,905,NEW,
906,SPY,BUY,LIMIT,679.52,58,906,NEW,
907,MSFT,BUY,LIMIT,399.67,9,907,NEW,
908,SPY,BUY,LIMIT,679.53,962,908,NEW,
909,NVDA,SELL,LIMIT,183.07,54,909,NEW,
910,META,BUY,LIMIT,641.83,53,910,NEW,
911,MSFT,SELL,LIMIT,399.92,404,911,NEW,
912,NVDA,BUY,LIMIT,182.96,20,912,NEW,
913,META,SELL,LIMIT,641.93,35,913,NEW,
914,AAPL,BUY,LIMIT,255.58,387,914,NEW,
915,SPY,BUY,LIMIT,679.55,94,915,NEW,
916,AMZN,SELL,LIMIT,198.05,99,916,NEW,
917,NVDA,SELL,LIMIT,183.04,17,917,NEW,
918,MSFT,BUY,LIMIT,399.67,19,918,NEW,
919,NVDA,SELL,LIMIT,183,70,919,NEW,
920,NVDA,SELL,LIMIT,183.09,387,920,NEW,
921,MSFT,BUY,LIMIT,399.56,42,921,NEW,
922,TSLA,BUY,LIMIT,419.86,67,922,NEW,
923,AMZN,SELL,LIMIT,198,63,923,NEW,
924,GOOGL,SELL,LIMIT,305.97,72,924,NEW,
925,AAPL,SELL,LIMIT,255.65,78,925,NEW,
926,NVDA,BUY,LIMIT,183.01,97,926,NEW,
927,NVDA,SELL,LIMIT,183.1,4,927,NEW,
928,SPY,BUY,LIMIT,679.48,72,928,NEW,
929,AAPL,BUY,LIMIT,255.48,19,929,NEW,
930,SPY,SELL,LIMIT,679.78,41,930,NEW,
931,MSFT,BUY,LIMIT,399.53,52,931,NEW,
932,AAPL,BUY,LIMIT,255.49,24,932,NEW,
933,MSFT,SELL,LIMIT,399.77,100,933,NEW,
934,GOOGL,BUY,LIMIT,305.96,93,934,NEW,
935,SPY,SELL,LIMIT,679.8,14,935,NEW,
936,GOOGL,SELL,LIMIT,306.16,33,936,NEW,
937,NVDA,SELL,LIMIT,183.08,94,937,NEW,
938,AAPL,BUY,LIMIT,255.48,74,938,NEW,
939,TSLA,SELL,LIMIT,419.8,26,939,NEW,
940,SPY,SELL,LIMIT,679.57,71,940,NEW,
941,MSFT,BUY,LIMIT,399.67,465,941,NEW,
942,NVDA,BUY,LIMIT,183.11,34,942,NEW,
943,SPY,BUY,LIMIT,679.31,85,943,NEW,
944,META,SELL,LIMIT,641.77,59,944,NEW,
945,MSFT,BUY,LIMIT,399.62,47,945,NEW,
946,AAPL,SELL,LIMIT,255.57,12,946,NEW,
947,META,SELL,LIMIT,641.66,16,947,NEW,
948,MSFT,BUY,LIMIT,399.58,28,948,NEW,
949,SPY,SELL,LIMIT,679.69,36,949,NEW,
950,AMZN,SELL,LIMIT,198.07,49,950,NEW,
951,SPY,SELL,LIMIT,679.42,60,951,NEW,
952,SPY,SELL,LIMIT,679.43,86,952,NEW,
953,AMZN,BUY,LIMIT,198.03,978,953,NEW,
954,AAPL,SELL,LIMIT,255.72,1,954,NEW,
955,AMZN,BUY,LIMIT,198.01,75,955,NEW,
956,TSLA,SELL,LIMIT,419.81,12,956,NEW,
957,AMZN,BUY,LIMIT,197.97,17,957,NEW,
958,SPY,BUY,LIMIT,679.05,15,958,NEW,
959,MSFT,BUY,LIMIT,399.52,17,959,NEW,
960,TSLA,SELL,LIMIT,419.96,389,960,NEW,
961,MSFT,BUY,LIMIT,399.55,19,961,NEW,
962,NVDA,SELL,LIMIT,183.16,79,962,NEW,
963,GOOGL,BUY,LIMIT,306.01,445,963,NEW,
964,SPY,BUY,LIMIT,679.18,61,964,NEW,
965,AMZN,BUY,LIMIT,198,91,965,NEW,
966,NVDA,SELL,LIMIT,183.23,3,966,NEW,
967,MSFT,SELL,LIMIT,399.71,51,967,NEW,
968,TSLA,BUY,LIMIT,419.81,48,968,NEW,
969,GOOGL,BUY,LIMIT,306,89,969,NEW,
970,META,SELL,LIMIT,641.5,396,970,NEW,
971,GOOGL,SELL,LIMIT,306.11,42,971,NEW,
972,AMZN,BUY,LIMIT,198.03,8,972,NEW,
973,AAPL,BUY,LIMIT,255.65,70,973,NEW,
974,AAPL,SELL,LIMIT,255.81,58,974,NEW,
975,AMZN,BUY,LIMIT,198.07,100,975,NEW,
976,NVDA,BUY,LIMIT,183.25,51,976,NEW,
977,TSLA,BUY,LIMIT,419.96,40,977,NEW,
978,TSLA,BUY,LIMIT,420.23,801,978,NEW,
979,AMZN,BUY,LIMIT,198.05,25,979,NEW,
980,GOOGL,SELL,LIMIT,306.16,53,980,NEW,
981,TSLA,SELL,LIMIT,420.3,648,981,NEW,
982,AAPL,BUY,LIMIT,255.57,8,982,NEW,
983,NVDA,SELL,LIMIT,183.39,35,983,NEW,
984,SPY,BUY,LIMIT,679.22,81,984,NEW,
985,AAPL,SELL,LIMIT,255.7,25,985,NEW,
986,SPY,BUY,LIMIT,679,21,986,NEW,
987,TSLA,SELL,LIMIT,420.28,89,987,NEW,
988,AMZN,SELL,LIMIT,198.05,13,988,NEW,
989,META,SELL,LIMIT,641.47,378,989,NEW,
990,NVDA,BUY,LIMIT,183.2,76,990,NEW,
991,GOOGL,SELL,LIMIT,306.09,417,991,NEW,
992,AAPL,BUY,LIMIT,255.59,21,992,NEW,
993,AMZN,BUY,LIMIT,198.08,39,993,NEW,
994,NVDA,BUY,LIMIT,183.24,4,994,NEW,
995,AMZN,SELL,LIMIT,198.19,8,995,NEW,
996,SPY,BUY,LIMIT,679.13,73,996,NEW,
997,AMZN,SELL,LIMIT,198.25,76,997,NEW,
998,AMZN,BUY,LIMIT,198.17,71,998,NEW,
999,AAPL,BUY,LIMIT,255.69,14,999,NEW,
1000,GOOGL,BUY,LIMIT,306.04,10,1000,NEW,
1001,NVDA,SELL,LIMIT,183.19,85,1001,NEW,
1002,META,BUY,LIMIT,641.31,644,1002,NEW,
1003,AAPL,BUY,LIMIT,255.57,84,1003,NEW,
1004,NVDA,BUY,LIMIT,183.07,21,1004,NEW,
1005,AMZN,BUY,LIMIT,198.11,49,1005,NEW,
1006,NVDA,BUY,LIMIT,183.05,618,1006,NEW,
1007,SPY,SELL,LIMIT,679.32,1,1007,NEW,
1008,TSLA,SELL,LIMIT,420.34,823,1008,NEW,
1009,AAPL,BUY,LIMIT,255.54,86,1009,NEW,
1010,AMZN,BUY,LIMIT,198.16,30,1010,NEW,
1011,AAPL,BUY,LIMIT,255.51,16,1011,NEW,
1012,AAPL,BUY,LIMIT,255.6,28,1012,NEW,
1013,MSFT,SELL,LIMIT,399.77,27,1013,NEW,
1014,NVDA,BUY,LIMIT,183.11,15,1014,NEW,
1015,AAPL,BUY,LIMIT,255.61,27,1015,NEW,
1016,NVDA,SELL,LIMIT,183.24,4,1016,NEW,
1017,AAPL,SELL,LIMIT,255.62,65,1017,NEW,
1018,SPY,SELL,LIMIT,679.33,79,1018,NEW,
1019,META,SELL,LIMIT,641.5,76,1019,NEW,
1020,MSFT,SELL,LIMIT,399.83,91,1020,NEW,
1021,AAPL,SELL,LIMIT,255.54,38,1021,NEW,
1022,TSLA,SELL,LIMIT,420.11,3,1022,NEW,
1023,AAPL,BUY,LIMIT,255.38,66,1023,NEW,
1024,NVDA,BUY,LIMIT,183.16,3,1024,NEW,
1025,NVDA,SELL,LIMIT,183.31,38,1025,NEW,
1026,GOOGL,SELL,LIMIT,306.19,76,1026,NEW,
1027,AMZN,SELL,LIMIT,198.23,547,1027,NEW,
1028,NVDA,SELL,LIMIT,183.3,87,1028,NEW,
1029,AAPL,SELL,LIMIT,255.33,10,1029,NEW,
1030,META,BUY,LIMIT,641.1,63,1030,NEW,
1031,AMZN,SELL,LIMIT,198.12,33,1031,NEW,
1032,GOOGL,SELL,LIMIT,306.16,52,1032,NEW,
1033,SPY,BUY,LIMIT,678.93,35,1033,NEW,
1034,MSFT,BUY,LIMIT,399.6,33,1034,NEW,
1035,TSLA,SELL,LIMIT,420.19,89,1035,NEW,
1036,META,BUY,LIMIT,641.1,4,1036,NEW,
1037,AAPL,SELL,LIMIT,255.31,52,1037,NEW,
1038,META,BUY,LIMIT,641.35,89,1038,NEW,
1039,MSFT,SELL,LIMIT,399.77,24,1039,NEW,
1040,META,BUY,LIMIT,641.38,67,1040,NEW,
1041,MSFT,BUY,LIMIT,399.78,87,1041,NEW,
1042,AAPL,BUY,LIMIT,255.15,88,1042,NEW,
1043,AMZN,SELL,LIMIT,198.03,76,1043,NEW,
1044,AAPL,BUY,LIMIT,255.09,61,1044,NEW,
1045,NVDA,SELL,LIMIT,183.26,66,1045,NEW,
1046,NVDA,BUY,LIMIT,183.12,83,1046,NEW,
1047,AAPL,SELL,LIMIT,255.17,20,1047,NEW,
1048,AMZN,BUY,LIMIT,197.95,92,1048,NEW,
1049,GOOGL,BUY,LIMIT,306.06,15,1049,NEW,
1050,MSFT,BUY,LIMIT,399.79,405,1050,NEW,
1051,AAPL,SELL,LIMIT,255.12,74,1051,NEW,
1052,MSFT,BUY,LIMIT,399.79,78,1052,NEW,
1053,AMZN,BUY,LIMIT,197.95,36,1053,NEW,
1054,AAPL,SELL,LIMIT,255.08,50,1054,NEW,
1055,MSFT,SELL,LIMIT,399.91,38,1055,NEW,
1056,MSFT,BUY,LIMIT,399.66,41,1056,NEW,
1057,META,SELL,LIMIT,641.61,758,1057,NEW,
1058,AAPL,SELL,LIMIT,255.1,57,1058,NEW,
1059,AMZN,BUY,LIMIT,197.99,773,1059,NEW,
1060,AAPL,BUY,LIMIT,255.05,42,1060,NEW,
1061,NVDA,SELL,LIMIT,183.27,37,1061,NEW,
1062,MSFT,SELL,LIMIT,399.75,57,1062,NEW,
1063,TSLA,SELL,LIMIT,420.35,447,1063,NEW,
1064,SPY,SELL,LIMIT,679.13,70,1064,NEW,
1065,AAPL,SELL,LIMIT,255.09,298,1065,NEW,
1066,AAPL,BUY,LIMIT,254.96,92,1066,NEW,
1067,AMZN,BUY,LIMIT,197.97,14,1067,NEW,
1068,TSLA,SELL,LIMIT,420.64,4,1068,NEW,
1069,AMZN,SELL,LIMIT,198.09,74,1069,NEW,
1070,GOOGL,BUY,LIMIT,306.11,12,1070,NEW,
1071,NVDA,BUY,LIMIT,183.05,95,1071,NEW,
1072,TSLA,SELL,LIMIT,420.88,60,1072,NEW,
1073,AAPL,SELL,LIMIT,254.98,46,1073,NEW,
1074,META,SELL,LIMIT,641.51,33,1074,NEW,
1075,AAPL,BUY,LIMIT,254.88,60,1075,NEW,
1076,MSFT,BUY,LIMIT,399.55,73,1076,NEW,
1077,SPY,SELL,LIMIT,679.09,78,1077,NEW,
1078,MSFT,SELL,LIMIT,399.89,40,1078,NEW,
1079,MSFT,SELL,LIMIT,399.94,81,1079,NEW,
1080,AMZN,SELL,LIMIT,198.1,6,1080,NEW,
1081,NVDA,BUY,LIMIT,183.02,37,1081,NEW,
1082,TSLA,BUY,LIMIT,420.63,983,1082,NEW,
1083,NVDA,SELL,LIMIT,183.21,41,1083,NEW,
1084,META,BUY,LIMIT,641.51,457,1084,NEW,
1085,NVDA,SELL,LIMIT,183.18,78,1085,NEW,
1086,MSFT,SELL,LIMIT,400.11,63,1086,NEW,
1087,MSFT,BUY,LIMIT,399.88,35,1087,NEW,
1088,TSLA,SELL,LIMIT,420.53,34,1088,NEW,
1089,TSLA,SELL,LIMIT,420.54,64,1089,NEW,
1090,SPY,SELL,LIMIT,679.12,14,1090,NEW,
1091,AAPL,BUY,LIMIT,254.78,63,1091,NEW,
1092,TSLA,BUY,LIMIT,420.54,99,1092,NEW,
1093,TSLA,BUY,LIMIT,420.47,68,1093,NEW,
1094,SPY,BUY,LIMIT,678.8,43,1094,NEW,
1095,MSFT,BUY,LIMIT,400.01,57,1095,NEW,
1096,MSFT,BUY,LIMIT,399.98,29,1096,NEW,
1097,TSLA,BUY,LIMIT,420.6,71,1097,NEW,
1098,AMZN,SELL,LIMIT,198.07,96,1098,NEW,
1099,AMZN,BUY,LIMIT,198,84,1099,NEW,
1100,AAPL,SELL,LIMIT,254.85,46,1100,NEW,
1101,SPY,SELL,LIMIT,678.84,72,1101,NEW,
1102,AAPL,SELL,LIMIT,254.82,76,1102,NEW,
1103,SPY,BUY,LIMIT,678.66,87,1103,NEW,
1104,SPY,SELL,LIMIT,678.89,71,1104,NEW,
1105,MSFT,BUY,LIMIT,400,53,1105,NEW,
1106,META,BUY,LIMIT,641.59,10,1106,NEW,
1107,AMZN,BUY,LIMIT,198.04,61,1107,NEW,
1108,NVDA,SELL,LIMIT,183.19,408,1108,NEW,
1109,AAPL,BUY,LIMIT,254.67,1,1109,NEW,
1110,MSFT,SELL,LIMIT,400.16,86,1110,NEW,
1111,META,BUY,LIMIT,641.71,79,1111,NEW,
1112,NVDA,SELL,LIMIT,183.22,19,1112,NEW,
1113,SPY,BUY,LIMIT,678.71,15,1113,NEW,
1114,AAPL,SELL,LIMIT,254.77,74,1114,NEW,
1115,AAPL,SELL,LIMIT,254.82,61,1115,NEW,
1116,NVDA,BUY,LIMIT,183.17,57,1116,NEW,
1117,AAPL,SELL,LIMIT,254.87,36,1117,NEW,
1118,GOOGL,SELL,LIMIT,306.14,20,1118,NEW,
1119,AMZN,BUY,LIMIT,198.03,91,1119,NEW,
1120,NVDA,SELL,LIMIT,183.1,43,1120,NEW,
1121,AAPL,BUY,LIMIT,254.79,13,1121,NEW,
1122,SPY,SELL,LIMIT,679.11,59,1122,NEW,
1123,META,SELL,LIMIT,641.91,82,1123,NEW,
1124,MSFT,BUY,LIMIT,400.05,2,1124,NEW,
1125,SPY,BUY,LIMIT,678.75,19,1125,NEW,
1126,TSLA,SELL,LIMIT,420.63,969,1126,NEW,
1127,TSLA,BUY,LIMIT,420.36,15,1127,NEW,
1128,NVDA,SELL,LIMIT,183.04,7,1128,NEW,
1129,AAPL,BUY,LIMIT,254.74,18,1129,NEW,
1130,SPY,SELL,LIMIT,678.95,21,1130,NEW,
1131,AAPL,SELL,LIMIT,254.89,29,1131,NEW,
1132,MSFT,SELL,LIMIT,400.27,75,1132,NEW,
1133,AAPL,BUY,LIMIT,254.75,35,1133,NEW,
1134,SPY,BUY,LIMIT,678.9,72,1134,NEW,
1135,NVDA,SELL,LIMIT,183.13,67,1135,NEW,
1136,GOOGL,SELL,LIMIT,306.13,81,1136,NEW,
1137,META,SELL,LIMIT,641.91,55,1137,NEW,
1138,TSLA,BUY,LIMIT,420.46,38,1138,NEW,
1139,TSLA,BUY,LIMIT,420.73,6,1139,NEW,
1140,TSLA,BUY,LIMIT,420.68,31,1140,NEW,
1141,MSFT,BUY,LIMIT,400.04,66,1141,NEW,
1142,META,BUY,LIMIT,641.74,35,1142,NEW,
1143,SPY,SELL,LIMIT,679.31,825,1143,NEW,
1144,MSFT,BUY,LIMIT,400.13,26,1144,NEW,
1145,AAPL,SELL,LIMIT,254.83,3,1145,NEW,
1146,META,SELL,LIMIT,641.94,72,1146,NEW,
1147,AAPL,BUY,LIMIT,254.72,31,1147,NEW,
1148,NVDA,SELL,LIMIT,183.19,15,1148,NEW,
1149,AAPL,BUY,LIMIT,254.77,38,1149,NEW,
1150,SPY,BUY,LIMIT,679.12,27,1150,NEW,
1151,GOOGL,SELL,LIMIT,306.06,69,1151,NEW,
1152,MSFT,BUY,LIMIT,400.02,15,1152,NEW,
1153,MSFT,SELL,LIMIT,400.21,820,1153,NEW,
1154,NVDA,BUY,LIMIT,183.02,71,1154,NEW,
1155,AMZN,BUY,LIMIT,197.98,22,1155,NEW,
1156,NVDA,BUY,LIMIT,183.07,82,1156,NEW,
1157,AMZN,SELL,LIMIT,198.1,51,1157,NEW,
1158,GOOGL,BUY,LIMIT,305.97,48,1158,NEW,
1159,NVDA,BUY,LIMIT,183.1,47,1159,NEW,
1160,TSLA,BUY,LIMIT,420.87,46,1160,NEW,
1161,MSFT,SELL,LIMIT,400.07,23,1161,NEW,
1162,TSLA,BUY,LIMIT,421.13,22,1162,NEW,
1163,SPY,SELL,LIMIT,679.58,510,1163,NEW,
1164,TSLA,BUY,LIMIT,421.28,36,1164,NEW,
1165,GOOGL,SELL,LIMIT,306.08,1,1165,NEW,
1166,SPY,BUY,LIMIT,679.24,738,1166,NEW,
1167,GOOGL,SELL,LIMIT,305.97,66,1167,NEW,
1168,AAPL,SELL,LIMIT,254.97,743,1168,NEW,
1169,META,SELL,LIMIT,642.02,66,1169,NEW,
1170,AAPL,BUY,LIMIT,254.81,97,1170,NEW,
1171,META,BUY,LIMIT,641.33,586,1171,NEW,
1172,GOOGL,SELL,LIMIT,305.9,67,1172,NEW,
1173,MSFT,BUY,LIMIT,399.81,80,1173,NEW,
1174,TSLA,BUY,LIMIT,421.67,48,1174,NEW,
1175,AMZN,BUY,LIMIT,197.92,86,1175,NEW,
1176,AAPL,BUY,LIMIT,254.78,80,1176,NEW,
1177,META,SELL,LIMIT,641.71,49,1177,NEW,
1178,AAPL,BUY,LIMIT,254.74,69,1178,NEW,
1179,TSLA,BUY,LIMIT,421.71,68,1179,NEW,
1180,MSFT,SELL,LIMIT,399.92,18,1180,NEW,
1181,NVDA,BUY,LIMIT,183.08,370,1181,NEW,
1182,SPY,BUY,LIMIT,679.29,42,1182,NEW,
1183,META,BUY,LIMIT,641.17,26,1183,NEW,
1184,NVDA,BUY,LIMIT,183.01,74,1184,NEW,
1185,AMZN,SELL,LIMIT,198,80,1185,NEW,
1186,MSFT,BUY,LIMIT,399.77,12,1186,NEW,
1187,GOOGL,BUY,LIMIT,305.91,65,1187,NEW,
1188,SPY,BUY,LIMIT,679.43,944,1188,NEW,
1189,TSLA,SELL,LIMIT,421.7,926,1189,NEW,
1190,AMZN,BUY,LIMIT,197.94,19,1190,NEW,
1191,MSFT,BUY,LIMIT,399.74,89,1191,NEW,
1192,MSFT,SELL,LIMIT,399.97,49,1192,NEW,
1193,TSLA,BUY,LIMIT,421.66,76,1193,NEW,
1194,GOOGL,SELL,LIMIT,306.06,713,1194,NEW,
1195,SPY,BUY,LIMIT,679.21,93,1195,NEW,
1196,AAPL,BUY,LIMIT,254.73,1,1196,NEW,
1197,MSFT,SELL,LIMIT,399.89,90,1197,NEW,
1198,TSLA,SELL,LIMIT,421.93,23,1198,NEW,
1199,TSLA,BUY,LIMIT,421.57,33,1199,NEW,
1200,GOOGL,SELL,LIMIT,306.17,44,1200,NEW,
1201,TSLA,SELL,LIMIT,421.88,440,1201,NEW,
1202,NVDA,BUY,LIMIT,182.99,80,1202,NEW,
1203,META,BUY,LIMIT,641.31,62,1203,NEW,
1204,MSFT,SELL,LIMIT,399.77,55,1204,NEW,
1205,AAPL,SELL,LIMIT,254.81,25,1205,NEW,
1206,TSLA,BUY,LIMIT,421.87,89,1206,NEW,
1207,NVDA,BUY,LIMIT,182.98,95,1207,NEW,
1208,META,SELL,LIMIT,641.39,5,1208,NEW,
1209,NVDA,BUY,LIMIT,183.02,672,1209,NEW,
1210,AMZN,SELL,LIMIT,198,100,1210,NEW,
1211,META,SELL,LIMIT,641.27,71,1211,NEW,
1212,MSFT,BUY,LIMIT,399.59,91,1212,NEW,
1213,MSFT,SELL,LIMIT,399.8,69,1213,NEW,
1214,SPY,SELL,LIMIT,679.44,87,1214,NEW,
1215,AMZN,BUY,LIMIT,197.87,57,1215,NEW,
1216,META,BUY,LIMIT,641.12,90,1216,NEW,
1217,TSLA,BUY,LIMIT,422.07,35,1217,NEW,
1218,META,SELL,LIMIT,641.32,96,1218,NEW,
1219,META,BUY,LIMIT,640.89,7,1219,NEW,
1220,AAPL,SELL,LIMIT,254.75,63,1220,NEW,
1221,GOOGL,BUY,LIMIT,305.98,88,1221,NEW,
1222,GOOGL,BUY,LIMIT,305.98,26,1222,NEW,
1223,GOOGL,SELL,LIMIT,306.05,90,1223,NEW,
1224,META,SELL,LIMIT,641.25,89,1224,NEW,
1225,AAPL,BUY,LIMIT,254.63,52,1225,NEW,
1226,AMZN,BUY,LIMIT,197.93,47,1226,NEW,
1227,MSFT,SELL,LIMIT,399.73,98,1227,NEW,
1228,AMZN,BUY,LIMIT,197.86,39,1228,NEW,
1229,GOOGL,BUY,LIMIT,305.97,59,1229,NEW,
1230,MSFT,BUY,LIMIT,399.53,21,1230,NEW,
1231,TSLA,SELL,LIMIT,422.21,63,1231,NEW,
1232,MSFT,SELL,LIMIT,399.65,42,1232,NEW,
1233,SPY,BUY,LIMIT,679.11,52,1233,NEW,
1234,MSFT,BUY,LIMIT,399.58,77,1234,NEW,
1235,TSLA,BUY,LIMIT,422.09,4,1235,NEW,
1236,GOOGL,SELL,LIMIT,306.09,69,1236,NEW,
1237,GOOGL,BUY,LIMIT,306,61,1237,NEW,
1238,META,BUY,LIMIT,640.86,373,1238,NEW,
1239,NVDA,BUY,LIMIT,183,88,1239,NEW,
1240,TSLA,SELL,LIMIT,422.43,94,1240,NEW,
1241,META,BUY,LIMIT,640.95,67,1241,NEW,
1242,META,BUY,LIMIT,640.81,9,1242,NEW,
1243,META,BUY,LIMIT,640.74,60,1243,NEW,
1244,SPY,BUY,LIMIT,679.16,88,1244,NEW,
1245,GOOGL,SELL,LIMIT,306.14,67,1245,NEW,
1246,META,SELL,LIMIT,641.05,97,1246,NEW,
1247,SPY,BUY,LIMIT,679.31,87,1247,NEW,
1248,AMZN,SELL,LIMIT,197.99,63,1248,NEW,
1249,GOOGL,BUY,LIMIT,306.03,8,1249,NEW,
1250,MSFT,BUY,LIMIT,399.63,72,1250,NEW,
1251,AAPL,SELL,LIMIT,254.67,656,1251,NEW,
1252,TSLA,SELL,LIMIT,422.44,78,1252,NEW,
1253,AAPL,BUY,LIMIT,254.55,49,1253,NEW,
1254,GOOGL,BUY,LIMIT,306.14,372,1254,NEW,
1255,AAPL,BUY,LIMIT,254.65,87,1255,NEW,
1256,AMZN,BUY,LIMIT,197.94,67,1256,NEW,
1257,SPY,SELL,LIMIT,679.64,76,1257,NEW,
1258,SPY,BUY,LIMIT,679.41,46,1258,NEW,
1259,GOOGL,BUY,LIMIT,306.18,56,1259,NEW,
1260,MSFT,SELL,LIMIT,399.84,37,1260,NEW,
1261,TSLA,BUY,LIMIT,422.27,78,1261,NEW,
1262,GOOGL,SELL,LIMIT,306.28,86,1262,NEW,
1263,META,SELL,LIMIT,641.08,749,1263,NEW,
1264,SPY,SELL,LIMIT,679.69,98,1264,NEW,
1265,MSFT,BUY,LIMIT,399.61,10,1265,NEW,
1266,SPY,BUY,LIMIT,679.42,63,1266,NEW,
1267,AAPL,SELL,LIMIT,254.71,89,1267,NEW,
1268,META,BUY,LIMIT,640.77,96,1268,NEW,
1269,AAPL,BUY,LIMIT,254.58,29,1269,NEW,
1270,MSFT,BUY,LIMIT,399.6,40,1270,NEW,
1271,TSLA,SELL,LIMIT,422.1,69,1271,NEW,
1272,MSFT,BUY,LIMIT,399.63,91,1272,NEW,
1273,AAPL,SELL,LIMIT,254.66,95,1273,NEW,
1274,SPY,SELL,LIMIT,679.73,85,1274,NEW,
1275,GOOGL,SELL,LIMIT,306.34,12,1275,NEW,
1276,META,SELL,LIMIT,640.67,848,1276,NEW,
1277,AAPL,SELL,LIMIT,254.64,44,1277,NEW,
1278,GOOGL,BUY,LIMIT,306.14,596,1278,NEW,
1279,AMZN,BUY,LIMIT,198.04,26,1279,NEW,
1280,TSLA,SELL,LIMIT,422.17,9,1280,NEW,
1281,TSLA,SELL,LIMIT,422.16,23,1281,NEW,
1282,SPY,BUY,LIMIT,679.43,41,1282,NEW,
1283,AAPL,SELL,LIMIT,254.63,603,1283,NEW,
1284,TSLA,SELL,LIMIT,422.23,100,1284,NEW,
1285,TSLA,BUY,LIMIT,422.03,64,1285,NEW,
1286,GOOGL,BUY,LIMIT,306.06,260,1286,NEW,
1287,TSLA,BUY,LIMIT,421.85,89,1287,NEW,
1288,META,BUY,LIMIT,640.45,50,1288,NEW,
1289,NVDA,SELL,LIMIT,183.07,83,1289,NEW,
1290,TSLA,BUY,LIMIT,421.75,27,1290,NEW,
1291,AAPL,SELL,LIMIT,254.68,72,1291,NEW,
1292,MSFT,SELL,LIMIT,399.86,520,1292,NEW,
1293,AAPL,SELL,LIMIT,254.67,434,1293,NEW,
1294,TSLA,SELL,LIMIT,421.93,30,1294,NEW,
1295,AAPL,BUY,LIMIT,254.56,29,1295,NEW,
1296,AAPL,BUY,LIMIT,254.5,92,1296,NEW,
1297,TSLA,SELL,LIMIT,421.72,20,1297,NEW,
1298,NVDA,BUY,LIMIT,183.04,61,1298,NEW,
1299,AMZN,BUY,LIMIT,198.03,56,1299,NEW,
1300,SPY,SELL,LIMIT,679.72,74,1300,NEW,
1301,MSFT,SELL,LIMIT,399.96,75,1301,NEW,
1302,GOOGL,BUY,LIMIT,305.95,89,1302,NEW,
1303,AAPL,SELL,LIMIT,254.68,21,1303,NEW,
1304,NVDA,BUY,LIMIT,183.03,77,1304,NEW,
1305,AAPL,BUY,LIMIT,254.61,63,1305,NEW,
1306,GOOGL,SELL,LIMIT,305.98,44,1306,NEW,
1307,AMZN,SELL,LIMIT,198.11,42,1307,NEW,
1308,SPY,SELL,LIMIT,679.64,24,1308,NEW,
1309,TSLA,BUY,LIMIT,421.56,36,1309,NEW,
1310,AAPL,BUY,LIMIT,254.66,302,1310,NEW,
1311,AMZN,SELL,LIMIT,198.07,49,1311,NEW,
1312,SPY,BUY,LIMIT,679.29,57,1312,NEW,
1313,SPY,SELL,LIMIT,679.48,90,1313,NEW,
1314,NVDA,SELL,LIMIT,183.06,10,1314,NEW,
1315,MSFT,BUY,LIMIT,399.79,7,1315,NEW,
1316,META,BUY,LIMIT,640.46,49,1316,NEW,
1317,GOOGL,SELL,LIMIT,305.96,99,1317,NEW,
1318,NVDA,BUY,LIMIT,182.97,52,1318,NEW,
1319,META,SELL,LIMIT,640.42,26,1319,NEW,
1320,NVDA,BUY,LIMIT,182.93,98,1320,NEW,
1321,AMZN,SELL,LIMIT,198.05,85,1321,NEW,
1322,TSLA,SELL,LIMIT,421.48,29,1322,NEW,
1323,SPY,BUY,LIMIT,679.3,100,1323,NEW,
1324,MSFT,BUY,LIMIT,399.81,95,1324,NEW,
1325,MSFT,BUY,LIMIT,399.68,42,1325,NEW,
1326,GOOGL,BUY,LIMIT,305.87,44,1326,NEW,
1327,NVDA,BUY,LIMIT,182.87,98,1327,NEW,
1328,AAPL,SELL,LIMIT,254.81,3,1328,NEW,
1329,META,BUY,LIMIT,640.57,834,1329,NEW,
1330,TSLA,SELL,LIMIT,421.5,62,1330,NEW,
1331,AMZN,SELL,LIMIT,198.06,31,1331,NEW,
1332,AAPL,BUY,LIMIT,254.75,89,1332,NEW,
1333,AMZN,BUY,LIMIT,198,19,1333,NEW,
1334,GOOGL,SELL,LIMIT,305.99,32,1334,NEW,
1335,GOOGL,SELL,LIMIT,305.95,74,1335,NEW,
1336,GOOGL,BUY,LIMIT,305.78,44,1336,NEW,
1337,SPY,BUY,LIMIT,679.2,740,1337,NEW,
1338,AMZN,SELL,LIMIT,198.05,2,1338,NEW,
1339,AMZN,SELL,LIMIT,197.99,54,1339,NEW,
1340,SPY,SELL,LIMIT,679.49,30,1340,NEW,
1341,MSFT,SELL,LIMIT,399.73,29,1341,NEW,
1342,MSFT,BUY,LIMIT,399.65,83,1342,NEW,
1343,GOOGL,BUY,LIMIT,305.82,100,1343,NEW,
1344,META,BUY,LIMIT,640.72,52,1344,NEW,
1345,META,SELL,LIMIT,640.94,880,1345,NEW,
1346,NVDA,BUY,LIMIT,182.85,89,1346,NEW,
1347,MSFT,BUY,LIMIT,399.53,62,1347,NEW,
1348,NVDA,SELL,LIMIT,182.94,7,1348,NEW,
1349,MSFT,BUY,LIMIT,399.42,17,1349,NEW,
1350,AMZN,BUY,LIMIT,197.9,63,1350,NEW,
1351,TSLA,SELL,LIMIT,421.67,30,1351,NEW,
1352,META,BUY,LIMIT,640.75,71,1352,NEW,
1353,SPY,BUY,LIMIT,678.98,770,1353,NEW,
1354,AAPL,BUY,LIMIT,254.79,26,1354,NEW,
1355,AMZN,BUY,LIMIT,197.89,42,1355,NEW,
1356,AAPL,BUY,LIMIT,254.75,84,1356,NEW,
1357,SPY,BUY,LIMIT,678.83,78,1357,NEW,
1358,TSLA,BUY,LIMIT,421.58,581,1358,NEW,
1359,AMZN,BUY,LIMIT,197.92,99,1359,NEW,
1360,SPY,BUY,LIMIT,678.77,51,1360,NEW,
1361,GOOGL,BUY,LIMIT,305.85,41,1361,NEW,
1362,SPY,BUY,LIMIT,678.78,14,1362,NEW,
1363,MSFT,SELL,LIMIT,399.54,9,1363,NEW,
1364,TSLA,BUY,LIMIT,421.58,31,1364,NEW,
1365,TSLA,SELL,LIMIT,421.61,43,1365,NEW,
1366,TSLA,SELL,LIMIT,421.43,30,1366,NEW,
1367,MSFT,BUY,LIMIT,399.34,388,1367,NEW,
1368,GOOGL,BUY,LIMIT,305.92,12,1368,NEW,
1369,AAPL,BUY,LIMIT,254.74,99,1369,NEW,
1370,SPY,BUY,LIMIT,678.73,60,1370,NEW,
1371,TSLA,SELL,LIMIT,421.39,31,1371,NEW,
1372,GOOGL,BUY,LIMIT,305.78,258,1372,NEW,
1373,TSLA,BUY,LIMIT,421.14,24,1373,NEW,
1374,AAPL,SELL,LIMIT,254.79,54,1374,NEW,
1375,AMZN,SELL,LIMIT,198.05,868,1375,NEW,
1376,NVDA,SELL,LIMIT,183.07,78,1376,NEW,
1377,GOOGL,SELL,LIMIT,305.94,93,1377,NEW,
1378,AAPL,SELL,LIMIT,254.69,99,1378,NEW,
1379,TSLA,SELL,LIMIT,421.38,14,1379,NEW,
1380,AAPL,SELL,LIMIT,254.71,45,1380,NEW,
1381,TSLA,SELL,LIMIT,421.4,8,1381,NEW,
1382,GOOGL,BUY,LIMIT,305.83,84,1382,NEW,
1383,GOOGL,BUY,LIMIT,305.81,39,1383,NEW,
1384,META,BUY,LIMIT,640.48,61,1384,NEW,
1385,AAPL,SELL,LIMIT,254.76,48,1385,NEW,
1386,NVDA,BUY,LIMIT,183.04,72,1386,NEW,
1387,AMZN,SELL,LIMIT,197.98,88,1387,NEW,
1388,MSFT,BUY,LIMIT,399.29,57,1388,NEW,
1389,MSFT,BUY,LIMIT,399.2,67,1389,NEW,
1390,MSFT,BUY,LIMIT,399.22,48,1390,NEW,
1391,AAPL,SELL,LIMIT,254.8,10,1391,NEW,
1392,SPY,BUY,LIMIT,678.84,93,1392,NEW,
1393,TSLA,SELL,LIMIT,421.42,86,1393,NEW,
1394,MSFT,BUY,LIMIT,399.37,9,1394,NEW,
1395,SPY,BUY,LIMIT,678.86,91,1395,NEW,
1396,MSFT,SELL,LIMIT,399.58,95,1396,NEW,
1397,NVDA,SELL,LIMIT,183.07,38,1397,NEW,
1398,NVDA,SELL,LIMIT,183.09,34,1398,NEW,
1399,TSLA,BUY,LIMIT,421.54,93,1399,NEW,
1400,MSFT,BUY,LIMIT,399.35,65,1400,NEW,
1401,GOOGL,SELL,LIMIT,305.99,67,1401,NEW,
1402,TSLA,SELL,LIMIT,421.55,839,1402,NEW,
1403,AMZN,SELL,LIMIT,198.02,1,1403,NEW,
1404,NVDA,SELL,LIMIT,183.1,11,1404,NEW,
1405,MSFT,SELL,LIMIT,399.67,17,1405,NEW,
1406,AAPL,BUY,LIMIT,254.63,3,1406,NEW,
1407,GOOGL,SELL,LIMIT,306.04,73,1407,NEW,
1408,NVDA,BUY,LIMIT,182.93,839,1408,NEW,
1409,TSLA,SELL,LIMIT,421.48,85,1409,NEW,
1410,MSFT,SELL,LIMIT,399.61,62,1410,NEW,
1411,NVDA,SELL,LIMIT,182.92,61,1411,NEW,
1412,MSFT,BUY,LIMIT,399.32,64,1412,NEW,
1413,NVDA,BUY,LIMIT,182.77,99,1413,NEW,
1414,SPY,SELL,LIMIT,679.14,92,1414,NEW,
1415,MSFT,SELL,LIMIT,399.5,45,1415,NEW,
1416,NVDA,SELL,LIMIT,183,90,1416,NEW,
1417,GOOGL,BUY,LIMIT,305.92,25,1417,NEW,
1418,MSFT,SELL,LIMIT,399.66,22,1418,NEW,
1419,AAPL,BUY,LIMIT,254.62,7,1419,NEW,
1420,NVDA,SELL,LIMIT,183.04,7,1420,NEW,
1421,META,SELL,LIMIT,640.61,80,1421,NEW,
1422,MSFT,BUY,LIMIT,399.51,56,1422,NEW,
1423,SPY,BUY,LIMIT,678.9,89,1423,NEW,
1424,MSFT,BUY,LIMIT,399.6,94,1424,NEW,
1425,AAPL,BUY,LIMIT,254.56,96,1425,NEW,
1426,MSFT,BUY,LIMIT,399.7,678,1426,NEW,
1427,SPY,BUY,LIMIT,678.94,76,1427,NEW,
1428,SPY,SELL,LIMIT,679.27,11,1428,NEW,
1429,NVDA,BUY,LIMIT,182.85,100,1429,NEW,
1430,MSFT,BUY,LIMIT,399.76,82,1430,NEW,
1431,TSLA,BUY,LIMIT,421.22,396,1431,NEW,
1432,NVDA,SELL,LIMIT,182.86,45,1432,NEW,
1433,TSLA,BUY,LIMIT,421.09,16,1433,NEW,
1434,GOOGL,BUY,LIMIT,305.95,48,1434,NEW,
1435,AAPL,BUY,LIMIT,254.59,41,1435,NEW,
1436,NVDA,SELL,LIMIT,182.92,40,1436,NEW,
1437,SPY,BUY,LIMIT,678.98,89,1437,NEW,
1438,META,BUY,LIMIT,640.17,97,1438,NEW,
1439,AMZN,SELL,LIMIT,198.02,16,1439,NEW,
1440,AAPL,BUY,LIMIT,254.73,95,1440,NEW,
1441,AAPL,SELL,LIMIT,254.9,26,1441,NEW,
1442,AAPL,BUY,LIMIT,254.79,28,1442,NEW,
1443,AMZN,BUY,LIMIT,197.91,671,1443,NEW,
1444,GOOGL,BUY,LIMIT,306.06,54,1444,NEW,
1445,SPY,SELL,LIMIT,679.35,57,1445,NEW,
1446,MSFT,BUY,LIMIT,399.76,46,1446,NEW,
1447,TSLA,SELL,LIMIT,421.11,777,1447,NEW,
1448,TSLA,BUY,LIMIT,420.93,34,1448,NEW,
1449,MSFT,BUY,LIMIT,399.71,52,1449,NEW,
1450,SPY,SELL,LIMIT,679.41,45,1450,NEW,
1451,META,SELL,LIMIT,640.64,66,1451,NEW,
1452,META,BUY,LIMIT,640.44,554,1452,NEW,
1453,MSFT,BUY,LIMIT,399.68,49,1453,NEW,
1454,GOOGL,SELL,LIMIT,306.28,100,1454,NEW,
1455,SPY,BUY,LIMIT,679.27,87,1455,NEW,
1456,MSFT,BUY,LIMIT,399.59,15,1456,NEW,
1457,AMZN,SELL,LIMIT,198.08,50,1457,NEW,
1458,NVDA,SELL,LIMIT,182.9,491,1458,NEW,
1459,SPY,SELL,LIMIT,679.54,50,1459,NEW,
1460,AMZN,SELL,LIMIT,198.03,50,1460,NEW,
1461,MSFT,SELL,LIMIT,399.84,31,1461,NEW,
1462,GOOGL,BUY,LIMIT,306.01,54,1462,NEW,
1463,AAPL,BUY,LIMIT,254.8,67,1463,NEW,
1464,SPY,BUY,LIMIT,679.31,24,1464,NEW,
1465,TSLA,BUY,LIMIT,421.3,17,1465,NEW,
1466,META,BUY,LIMIT,640.56,85,1466,NEW,
1467,NVDA,BUY,LIMIT,182.79,25,1467,NEW,
1468,META,BUY,LIMIT,640.51,9,1468,NEW,
1469,AMZN,BUY,LIMIT,197.97,78,1469,NEW,
1470,NVDA,BUY,LIMIT,182.72,57,1470,NEW,
1471,MSFT,BUY,LIMIT,399.73,27,1471,NEW,
1472,SPY,SELL,LIMIT,679.51,929,1472,NEW,
1473,SPY,SELL,LIMIT,679.6,39,1473,NEW,
1474,AAPL,BUY,LIMIT,254.76,46,1474,NEW,
1475,NVDA,BUY,LIMIT,182.78,42,1475,NEW,
1476,AMZN,BUY,LIMIT,197.93,41,1476,NEW,
1477,AMZN,BUY,LIMIT,197.97,216,1477,NEW,
1478,TSLA,BUY,LIMIT,421.08,96,1478,NEW,
1479,META,BUY,LIMIT,640.16,73,1479,NEW,
1480,GOOGL,BUY,LIMIT,305.92,69,1480,NEW,
1481,MSFT,SELL,LIMIT,399.9,25,1481,NEW,
1482,MSFT,BUY,LIMIT,399.71,43,1482,NEW,
1483,AAPL,BUY,LIMIT,254.69,15,1483,NEW,
1484,AAPL,BUY,LIMIT,254.75,27,1484,NEW,
1485,TSLA,SELL,LIMIT,421.15,53,1485,NEW,
1486,META,BUY,LIMIT,640.43,31,1486,NEW,
1487,SPY,SELL,LIMIT,679.61,50,1487,NEW,
1488,TSLA,BUY,LIMIT,420.99,52,1488,NEW,
1489,TSLA,SELL,LIMIT,421.25,51,1489,NEW,
1490,MSFT,SELL,LIMIT,399.85,37,1490,NEW,
1491,META,SELL,LIMIT,640.81,33,1491,NEW,
1492,MSFT,BUY,LIMIT,399.75,81,1492,NEW,
1493,AMZN,SELL,LIMIT,198.01,27,1493,NEW,
1494,GOOGL,BUY,LIMIT,305.93,20,1494,NEW,
1495,TSLA,BUY,LIMIT,420.93,58,1495,NEW,
1496,MSFT,SELL,LIMIT,399.8,48,1496,NEW,
1497,SPY,SELL,LIMIT,679.59,100,1497,NEW,
1498,SPY,BUY,LIMIT,679.32,60,1498,NEW,
1499,AAPL,SELL,LIMIT,254.79,49,1499,NEW,
1500,NVDA,BUY,LIMIT,182.69,9,1500,NEW,
1501,TSLA,SELL,LIMIT,421.17,23,1501,NEW,
1502,NVDA,SELL,LIMIT,182.79,12,1502,NEW,
1503,MSFT,BUY,LIMIT,399.75,93,1503,NEW,
1504,TSLA,SELL,LIMIT,421.4,24,1504,NEW,
1505,AAPL,BUY,LIMIT,254.64,77,1505,NEW,
1506,AAPL,SELL,LIMIT,254.74,53,1506,NEW,
1507,AMZN,SELL,LIMIT,197.99,59,1507,NEW,
1508,TSLA,BUY,LIMIT,420.94,87,1508,NEW,
1509,AAPL,BUY,LIMIT,254.64,51,1509,NEW,
1510,AMZN,BUY,LIMIT,197.93,21,1510,NEW,
1511,AMZN,BUY,LIMIT,197.96,72,1511,NEW,
1512,TSLA,BUY,LIMIT,421.11,87,1512,NEW,
1513,MSFT,SELL,LIMIT,399.92,57,1513,NEW,
1514,NVDA,SELL,LIMIT,182.76,33,1514,NEW,
1515,SPY,BUY,LIMIT,679.12,68,1515,NEW,
1516,MSFT,BUY,LIMIT,399.75,80,1516,NEW,
1517,AMZN,BUY,LIMIT,197.88,12,1517,NEW,
1518,AAPL,BUY,LIMIT,254.61,96,1518,NEW,
1519,AMZN,SELL,LIMIT,197.95,84,1519,NEW,
1520,NVDA,BUY,LIMIT,182.7,9,1520,NEW,
1521,GOOGL,SELL,LIMIT,306.11,791,1521,NEW,
1522,GOOGL,BUY,LIMIT,306.06,54,1522,NEW,
1523,MSFT,SELL,LIMIT,399.9,31,1523,NEW,
1524,TSLA,SELL,LIMIT,421.59,59,1524,NEW,
1525,SPY,SELL,LIMIT,679.38,68,1525,NEW,
1526,AAPL,SELL,LIMIT,254.59,80,1526,NEW,
1527,AAPL,BUY,LIMIT,254.48,24,1527,NEW,
1528,GOOGL,BUY,LIMIT,306.11,40,1528,NEW,
1529,NVDA,SELL,LIMIT,182.68,37,1529,NEW,
1530,MSFT,BUY,LIMIT,399.83,683,1530,NEW,
1531,AAPL,BUY,LIMIT,254.46,40,1531,NEW,
1532,TSLA,SELL,LIMIT,421.57,19,1532,NEW,
1533,SPY,BUY,LIMIT,679.22,92,1533,NEW,
1534,TSLA,BUY,LIMIT,421.35,17,1534,NEW,
1535,SPY,SELL,LIMIT,679.52,56,1535,NEW,
1536,AAPL,BUY,LIMIT,254.31,95,1536,NEW,
1537,SPY,BUY,LIMIT,679.19,75,1537,NEW,
1538,SPY,BUY,LIMIT,679.19,7,1538,NEW,
1539,MSFT,SELL,LIMIT,399.86,5,1539,NEW,
1540,META,SELL,LIMIT,640.72,82,1540,NEW,
1541,AAPL,SELL,LIMIT,254.41,26,1541,NEW,
1542,AAPL,BUY,LIMIT,254.3,82,1542,NEW,
1543,MSFT,SELL,LIMIT,399.87,61,1543,NEW,
1544,MSFT,SELL,LIMIT,399.74,9,1544,NEW,
1545,MSFT,SELL,LIMIT,399.64,728,1545,NEW,
1546,META,BUY,LIMIT,640.18,17,1546,NEW,
1547,SPY,BUY,LIMIT,679.44,97,1547,NEW,
1548,AAPL,BUY,LIMIT,254.3,14,1548,NEW,
1549,NVDA,SELL,LIMIT,182.66,62,1549,NEW,
1550,NVDA,BUY,LIMIT,182.62,43,1550,NEW,
1551,MSFT,SELL,LIMIT,399.64,300,1551,NEW,
1552,AAPL,BUY,LIMIT,254.33,26,1552,NEW,
1553,AMZN,SELL,LIMIT,198.02,44,1553,NEW,
1554,TSLA,BUY,LIMIT,421.27,14,1554,NEW,
1555,SPY,SELL,LIMIT,679.85,908,1555,NEW,
1556,AAPL,SELL,LIMIT,254.38,3,1556,NEW,
1557,SPY,BUY,LIMIT,679.54,91,1557,NEW,
1558,AMZN,BUY,LIMIT,197.88,31,1558,NEW,
1559,SPY,BUY,LIMIT,679.8,49,1559,NEW,
1560,AAPL,SELL,LIMIT,254.32,93,1560,NEW,
1561,NVDA,BUY,LIMIT,182.72,67,1561,NEW,
1562,SPY,BUY,LIMIT,679.8,37,1562,NEW,
1563,SPY,SELL,LIMIT,680,27,1563,NEW,
1564,AAPL,BUY,LIMIT,254.24,69,1564,NEW,
1565,META,SELL,LIMIT,640.47,12,1565,NEW,
1566,SPY,SELL,LIMIT,679.99,92,1566,NEW,
1567,MSFT,SELL,LIMIT,399.49,91,1567,NEW,
1568,META,SELL,LIMIT,640.52,6,1568,NEW,
1569,NVDA,BUY,LIMIT,182.73,33,1569,NEW,
1570,MSFT,BUY,LIMIT,399.24,14,1570,NEW,
1571,TSLA,SELL,LIMIT,421.68,61,1571,NEW,
1572,TSLA,SELL,LIMIT,421.86,67,1572,NEW,
1573,MSFT,SELL,LIMIT,399.31,51,1573,NEW,
1574,AAPL,BUY,LIMIT,254.25,18,1574,NEW,
1575,AAPL,SELL,LIMIT,254.37,79,1575,NEW,
1576,MSFT,BUY,LIMIT,399.23,58,1576,NEW,
1577,TSLA,SELL,LIMIT,421.87,66,1577,NEW,
1578,AAPL,BUY,LIMIT,254.31,22,1578,NEW,
1579,META,BUY,LIMIT,640.22,321,1579,NEW,
1580,SPY,BUY,LIMIT,679.66,18,1580,NEW,
1581,AMZN,SELL,LIMIT,197.99,87,1581,NEW,
1582,AAPL,SELL,LIMIT,254.47,90,1582,NEW,
1583,TSLA,BUY,LIMIT,421.6,4,1583,NEW,
1584,TSLA,SELL,LIMIT,421.91,50,1584,NEW,
1585,TSLA,BUY,LIMIT,421.62,54,1585,NEW,
1586,AMZN,BUY,LIMIT,197.9,50,1586,NEW,
1587,AAPL,SELL,LIMIT,254.42,23,1587,NEW,
1588,MSFT,SELL,LIMIT,399.49,59,1588,NEW,
1589,NVDA,SELL,LIMIT,182.89,814,1589,NEW,
1590,GOOGL,SELL,LIMIT,306.25,44,1590,NEW,
1591,GOOGL,BUY,LIMIT,306.1,65,1591,NEW,
1592,NVDA,BUY,LIMIT,182.8,97,1592,NEW,
1593,GOOGL,SELL,LIMIT,306.29,523,1593,NEW,
1594,META,SELL,LIMIT,640.35,62,1594,NEW,
1595,META,BUY,LIMIT,640.44,53,1595,NEW,
1596,NVDA,BUY,LIMIT,182.85,13,1596,NEW,
1597,AMZN,SELL,LIMIT,198.07,74,1597,NEW,
1598,AMZN,BUY,LIMIT,197.97,52,1598,NEW,
1599,MSFT,BUY,LIMIT,399.33,358,1599,NEW,
1600,MSFT,SELL,LIMIT,399.51,89,1600,NEW,
1601,AMZN,BUY,LIMIT,197.99,53,1601,NEW,
1602,AMZN,SELL,LIMIT,198.03,28,1602,NEW,
1603,AAPL,BUY,LIMIT,254.5,21,1603,NEW,
1604,GOOGL,SELL,LIMIT,306.3,54,1604,NEW,
1605,AAPL,SELL,LIMIT,254.55,43,1605,NEW,
1606,META,SELL,LIMIT,641.18,91,1606,NEW,
1607,AAPL,BUY,LIMIT,254.47,27,1607,NEW,
1608,GOOGL,SELL,LIMIT,306.32,5,1608,NEW,
1609,GOOGL,BUY,LIMIT,306.31,47,1609,NEW,
1610,AMZN,SELL,LIMIT,198.06,35,1610,NEW,
1611,SPY,SELL,LIMIT,679.92,796,1611,NEW,
1612,SPY,BUY,LIMIT,679.65,30,1612,NEW,
1613,MSFT,BUY,LIMIT,399.22,97,1613,NEW,
1614,AAPL,SELL,LIMIT,254.62,369,1614,NEW,
1615,TSLA,SELL,LIMIT,422,46,1615,NEW,
1616,AAPL,SELL,LIMIT,254.6,3,1616,NEW,
1617,AMZN,SELL,LIMIT,198.13,829,1617,NEW,
1618,AMZN,SELL,LIMIT,198.07,34,1618,NEW,
1619,AAPL,BUY,LIMIT,254.51,26,1619,NEW,
1620,TSLA,SELL,LIMIT,421.84,51,1620,NEW,
1621,AAPL,SELL,LIMIT,254.5,35,1621,NEW,
1622,SPY,BUY,LIMIT,679.57,53,1622,NEW,
1623,NVDA,SELL,LIMIT,182.98,78,1623,NEW,
1624,AMZN,BUY,LIMIT,197.97,52,1624,NEW,
1625,TSLA,BUY,LIMIT,421.49,16,1625,NEW,
1626,MSFT,BUY,LIMIT,399.15,84,1626,NEW,
1627,TSLA,SELL,LIMIT,421.77,69,1627,NEW,
1628,NVDA,BUY,LIMIT,182.97,892,1628,NEW,
1629,GOOGL,SELL,LIMIT,306.38,51,1629,NEW,
1630,GOOGL,SELL,LIMIT,306.4,66,1630,NEW,
1631,META,BUY,LIMIT,640.8,24,1631,NEW,
1632,MSFT,BUY,LIMIT,399.16,32,1632,NEW,
1633,AAPL,BUY,LIMIT,254.43,34,1633,NEW,
1634,AAPL,SELL,LIMIT,254.53,38,1634,NEW,
1635,AMZN,SELL,LIMIT,198.06,73,1635,NEW,
1636,NVDA,SELL,LIMIT,183.08,28,1636,NEW,
1637,NVDA,SELL,LIMIT,183.07,82,1637,NEW,
1638,MSFT,BUY,LIMIT,398.99,6,1638,NEW,
1639,MSFT,SELL,LIMIT,399.21,95,1639,NEW,
1640,GOOGL,SELL,LIMIT,306.28,72,1640,NEW,
1641,GOOGL,SELL,LIMIT,306.32,51,1641,NEW,
1642,NVDA,SELL,LIMIT,183.13,88,1642,NEW,
1643,GOOGL,SELL,LIMIT,306.37,612,1643,NEW,
1644,SPY,BUY,LIMIT,679.42,29,1644,NEW,
1645,META,BUY,LIMIT,640.91,8,1645,NEW,
1646,TSLA,SELL,LIMIT,421.42,28,1646,NEW,
1647,SPY,BUY,LIMIT,679.37,77,1647,NEW,
1648,NVDA,BUY,LIMIT,183.12,26,1648,NEW,
1649,NVDA,BUY,LIMIT,183.08,4,1649,NEW,
1650,MSFT,SELL,LIMIT,399.34,42,1650,NEW,
1651,GOOGL,BUY,LIMIT,306.34,964,1651,NEW,
1652,AMZN,SELL,LIMIT,198.07,54,1652,NEW,
1653,GOOGL,BUY,LIMIT,306.21,99,1653,NEW,
1654,NVDA,BUY,LIMIT,183.03,73,1654,NEW,
1655,AAPL,BUY,LIMIT,254.38,4,1655,NEW,
1656,MSFT,BUY,LIMIT,399.18,20,1656,NEW,
1657,AMZN,BUY,LIMIT,197.93,227,1657,NEW,
1658,AMZN,BUY,LIMIT,197.96,50,1658,NEW,
1659,NVDA,SELL,LIMIT,183.06,4,1659,NEW,
1660,AAPL,BUY,LIMIT,254.36,74,1660,NEW,
1661,GOOGL,SELL,LIMIT,306.13,15,1661,NEW,
1662,NVDA,SELL,LIMIT,183.05,256,1662,NEW,
1663,AMZN,SELL,LIMIT,198.04,48,1663,NEW,
1664,MSFT,SELL,LIMIT,399.26,4,1664,NEW,
1665,AMZN,SELL,LIMIT,198.02,14,1665,NEW,
1666,AAPL,SELL,LIMIT,254.4,39,1666,NEW,
1667,NVDA,BUY,LIMIT,182.98,266,1667,NEW,
1668,SPY,BUY,LIMIT,679.51,18,1668,NEW,
1669,MSFT,SELL,LIMIT,399.28,65,1669,NEW,
1670,TSLA,BUY,LIMIT,421.37,28,1670,NEW,
1671,MSFT,BUY,LIMIT,399.2,28,1671,NEW,
1672,NVDA,BUY,LIMIT,182.95,46,1672,NEW,
1673,AAPL,SELL,LIMIT,254.43,379,1673,NEW,
1674,TSLA,BUY,LIMIT,421.55,83,1674,NEW,
1675,NVDA,SELL,LIMIT,183,88,1675,NEW,
1676,AMZN,BUY,LIMIT,197.86,76,1676,NEW,
1677,META,BUY,LIMIT,640.74,59,1677,NEW,
1678,NVDA,SELL,LIMIT,183,19,1678,NEW,
1679,MSFT,BUY,LIMIT,399.12,14,1679,NEW,
1680,AAPL,BUY,LIMIT,254.37,4,1680,NEW,
1681,AAPL,BUY,LIMIT,254.33,81,1681,NEW,
1682,NVDA,SELL,LIMIT,182.96,72,1682,NEW,
1683,AMZN,SELL,LIMIT,197.99,946,1683,NEW,
1684,AMZN,SELL,LIMIT,197.92,46,1684,NEW,
1685,GOOGL,SELL,LIMIT,306.11,27,1685,NEW,
1686,MSFT,SELL,LIMIT,399.36,60,1686,NEW,
1687,SPY,SELL,LIMIT,679.66,600,1687,NEW,
1688,MSFT,BUY,LIMIT,399.25,866,1688,NEW,
1689,AAPL,SELL,LIMIT,254.47,89,1689,NEW,
1690,AAPL,SELL,LIMIT,254.37,936,1690,NEW,
1691,AAPL,BUY,LIMIT,254.26,32,1691,NEW,
1692,AMZN,SELL,LIMIT,197.84,18,1692,NEW,
1693,AAPL,BUY,LIMIT,254.29,27,1693,NEW,
1694,GOOGL,BUY,LIMIT,306.05,37,1694,NEW,
1695,AAPL,BUY,LIMIT,254.37,98,1695,NEW,
1696,AAPL,SELL,LIMIT,254.46,58,1696,NEW,
1697,MSFT,SELL,LIMIT,399.29,56,1697,NEW,
1698,TSLA,BUY,LIMIT,421.64,48,1698,NEW,
1699,NVDA,SELL,LIMIT,182.93,48,1699,NEW,
1700,TSLA,SELL,LIMIT,421.63,92,1700,NEW,
1701,MSFT,BUY,LIMIT,399.23,74,1701,NEW,
1702,SPY,BUY,LIMIT,679.37,91,1702,NEW,
1703,NVDA,BUY,LIMIT,182.91,960,1703,NEW,
1704,GOOGL,BUY,LIMIT,305.9,55,1704,NEW,
1705,NVDA,SELL,LIMIT,183.08,96,1705,NEW,
1706,AAPL,SELL,LIMIT,254.32,98,1706,NEW,
1707,MSFT,SELL,LIMIT,399.43,3,1707,NEW,
1708,NVDA,BUY,LIMIT,182.99,18,1708,NEW,
1709,AAPL,SELL,LIMIT,254.33,853,1709,NEW,
1710,TSLA,SELL,LIMIT,421.6,70,1710,NEW,
1711,GOOGL,SELL,LIMIT,305.95,85,1711,NEW,
1712,NVDA,BUY,LIMIT,182.98,43,1712,NEW,
1713,META,BUY,LIMIT,640.61,33,1713,NEW,
1714,MSFT,BUY,LIMIT,399.35,100,1714,NEW,
1715,SPY,SELL,LIMIT,679.55,12,1715,NEW,
1716,AAPL,BUY,LIMIT,254.18,425,1716,NEW,
1717,META,BUY,LIMIT,640.63,58,1717,NEW,
1718,META,BUY,LIMIT,640.55,58,1718,NEW,
1719,TSLA,SELL,LIMIT,421.25,27,1719,NEW,
1720,NVDA,SELL,LIMIT,183.04,63,1720,NEW,
1721,AAPL,SELL,LIMIT,254.3,17,1721,NEW,
1722,GOOGL,BUY,LIMIT,305.81,19,1722,NEW,
1723,GOOGL,SELL,LIMIT,305.98,67,1723,NEW,
1724,NVDA,BUY,LIMIT,183,61,1724,NEW,
1725,MSFT,BUY,LIMIT,399.29,24,1725,NEW,
1726,NVDA,BUY,LIMIT,182.97,242,1726,NEW,
1727,AMZN,BUY,LIMIT,197.72,10,1727,NEW,
1728,GOOGL,BUY,LIMIT,305.92,73,1728,NEW,
1729,META,BUY,LIMIT,640.39,86,1729,NEW,
1730,AMZN,SELL,LIMIT,197.78,10,1730,NEW,
1731,MSFT,SELL,LIMIT,399.4,93,1731,NEW,
1732,NVDA,BUY,LIMIT,183.03,602,1732,NEW,
1733,SPY,SELL,LIMIT,679.42,45,1733,NEW,
1734,MSFT,BUY,LIMIT,399.3,67,1734,NEW,
1735,GOOGL,BUY,LIMIT,305.82,22,1735,NEW,
1736,GOOGL,SELL,LIMIT,305.96,73,1736,NEW,
1737,AMZN,SELL,LIMIT,197.83,16,1737,NEW,
1738,NVDA,BUY,LIMIT,183.09,13,1738,NEW,
1739,AMZN,BUY,LIMIT,197.73,5,1739,NEW,
1740,GOOGL,SELL,LIMIT,305.98,25,1740,NEW,
1741,AMZN,SELL,LIMIT,197.83,12,1741,NEW,
1742,GOOGL,SELL,LIMIT,305.94,82,1742,NEW,
1743,SPY,SELL,LIMIT,679.51,82,1743,NEW,
1744,NVDA,SELL,LIMIT,183.1,62,1744,NEW,
1745,GOOGL,SELL,LIMIT,305.83,997,1745,NEW,
1746,AAPL,BUY,LIMIT,254.14,16,1746,NEW,
1747,AMZN,SELL,LIMIT,197.85,70,1747,NEW,
1748,TSLA,BUY,LIMIT,420.96,61,1748,NEW,
1749,AMZN,BUY,LIMIT,197.73,62,1749,NEW,
1750,AMZN,SELL,LIMIT,197.85,67,1750,NEW,
1751,SPY,BUY,LIMIT,679.26,87,1751,NEW,
1752,AAPL,SELL,LIMIT,254.24,2,1752,NEW,
1753,META,SELL,LIMIT,640.6,100,1753,NEW,
1754,TSLA,BUY,LIMIT,421.26,40,1754,NEW,
1755,META,BUY,LIMIT,640.35,585,1755,NEW,
1756,MSFT,SELL,LIMIT,399.43,60,1756,NEW,
1757,TSLA,SELL,LIMIT,421.72,34,1757,NEW,
1758,TSLA,BUY,LIMIT,421.69,73,1758,NEW,
1759,TSLA,SELL,LIMIT,421.87,70,1759,NEW,
1760,NVDA,SELL,LIMIT,183.19,11,1760,NEW,
1761,TSLA,SELL,LIMIT,421.93,70,1761,NEW,
1762,AMZN,BUY,LIMIT,197.75,6,1762,NEW,
1763,AAPL,SELL,LIMIT,254.29,38,1763,NEW,
1764,TSLA,BUY,LIMIT,421.6,798,1764,NEW,
1765,MSFT,BUY,LIMIT,399.27,86,1765,NEW,
1766,GOOGL,BUY,LIMIT,305.67,76,1766,NEW,
1767,TSLA,BUY,LIMIT,421.43,31,1767,NEW,
1768,META,SELL,LIMIT,640.8,24,1768,NEW,
1769,TSLA,BUY,LIMIT,421.21,23,1769,NEW,
1770,NVDA,SELL,LIMIT,183.19,66,1770,NEW,
1771,AMZN,BUY,LIMIT,197.73,75,1771,NEW,
1772,MSFT,BUY,LIMIT,399.25,36,1772,NEW,
1773,AMZN,BUY,LIMIT,197.66,13,1773,NEW,
1774,TSLA,BUY,LIMIT,421.1,33,1774,NEW,
1775,TSLA,SELL,LIMIT,421.46,50,1775,NEW,
1776,AMZN,BUY,LIMIT,197.62,85,1776,NEW,
1777,META,SELL,LIMIT,640.73,50,1777,NEW,
1778,META,BUY,LIMIT,641.05,7,1778,NEW,
1779,GOOGL,BUY,LIMIT,305.64,567,1779,NEW,
1780,META,SELL,LIMIT,641.14,6,1780,NEW,
1781,AMZN,BUY,LIMIT,197.53,71,1781,NEW,
1782,NVDA,BUY,LIMIT,183.11,17,1782,NEW,
1783,MSFT,BUY,LIMIT,399.08,7,1783,NEW,
1784,TSLA,BUY,LIMIT,421,58,1784,NEW,
1785,AMZN,SELL,LIMIT,197.6,87,1785,NEW,
1786,AAPL,BUY,LIMIT,254.15,24,1786,NEW,
1787,AAPL,BUY,LIMIT,254.23,8,1787,NEW,
1788,TSLA,BUY,LIMIT,421.08,55,1788,NEW,
1789,AMZN,BUY,LIMIT,197.46,328,1789,NEW,
1790,TSLA,SELL,LIMIT,421.26,81,1790,NEW,
1791,MSFT,BUY,LIMIT,399.09,72,1791,NEW,
1792,MSFT,BUY,LIMIT,399.06,57,1792,NEW,
1793,TSLA,SELL,LIMIT,421.27,58,1793,NEW,
1794,MSFT,SELL,LIMIT,399.26,236,1794,NEW,
1795,MSFT,BUY,LIMIT,399.03,93,1795,NEW,
1796,SPY,BUY,LIMIT,679.41,69,1796,NEW,
1797,META,BUY,LIMIT,640.96,36,1797,NEW,
1798,AAPL,BUY,LIMIT,254.16,70,1798,NEW,
1799,META,BUY,LIMIT,641.03,35,1799,NEW,
1800,AMZN,BUY,LIMIT,197.41,427,1800,NEW,
1801,META,BUY,LIMIT,641.48,28,1801,NEW,
1802,META,BUY,LIMIT,641.31,34,1802,NEW,
1803,GOOGL,BUY,LIMIT,305.68,25,1803,NEW,
1804,AAPL,SELL,LIMIT,254.36,37,1804,NEW,
1805,NVDA,BUY,LIMIT,183.14,49,1805,NEW,
1806,MSFT,BUY,LIMIT,399.03,49,1806,NEW,
1807,META,SELL,LIMIT,641.67,21,1807,NEW,
1808,META,BUY,LIMIT,641.34,83,1808,NEW,
1809,MSFT,BUY,LIMIT,399.14,28,1809,NEW,
1810,TSLA,SELL,LIMIT,421.36,61,1810,NEW,
1811,SPY,SELL,LIMIT,679.7,13,1811,NEW,
1812,AAPL,BUY,LIMIT,254.19,98,1812,NEW,
1813,NVDA,SELL,LIMIT,183.15,41,1813,NEW,
1814,SPY,SELL,LIMIT,679.73,46,1814,NEW,
1815,META,BUY,LIMIT,641.52,31,1815,NEW,
1816,SPY,BUY,LIMIT,679.5,85,1816,NEW,
1817,AMZN,BUY,LIMIT,197.46,15,1817,NEW,
1818,GOOGL,BUY,LIMIT,305.87,84,1818,NEW,
1819,NVDA,SELL,LIMIT,183.1,458,1819,NEW,
1820,TSLA,SELL,LIMIT,421.33,74,1820,NEW,
1821,META,BUY,LIMIT,641.67,56,1821,NEW,
1822,AMZN,BUY,LIMIT,197.53,78,1822,NEW,
1823,TSLA,BUY,LIMIT,421.26,372,1823,NEW,
1824,SPY,SELL,LIMIT,679.93,54,1824,NEW,
1825,META,BUY,LIMIT,641.94,24,1825,NEW,
1826,AMZN,SELL,LIMIT,197.59,61,1826,NEW,
1827,AMZN,BUY,LIMIT,197.55,12,1827,NEW,
1828,NVDA,SELL,LIMIT,183.01,78,1828,NEW,
1829,MSFT,SELL,LIMIT,399.19,33,1829,NEW,
1830,META,BUY,LIMIT,642.1,19,1830,NEW,
1831,SPY,SELL,LIMIT,679.83,64,1831,NEW,
1832,NVDA,BUY,LIMIT,182.96,92,1832,NEW,
1833,GOOGL,SELL,LIMIT,305.98,7,1833,NEW,
1834,AAPL,SELL,LIMIT,254.18,879,1834,NEW,
1835,META,SELL,LIMIT,642.62,1,1835,NEW,
1836,NVDA,BUY,LIMIT,182.94,21,1836,NEW,
1837,NVDA,SELL,LIMIT,183.05,12,1837,NEW,
1838,GOOGL,BUY,LIMIT,305.81,5,1838,NEW,
1839,AAPL,BUY,LIMIT,254.05,57,1839,NEW,
1840,AMZN,SELL,LIMIT,197.65,96,1840,NEW,
1841,GOOGL,BUY,LIMIT,305.72,92,1841,NEW,
1842,NVDA,SELL,LIMIT,183.06,16,1842,NEW,
1843,NVDA,SELL,LIMIT,183.02,59,1843,NEW,
1844,AMZN,SELL,LIMIT,197.8,3,1844,NEW,
1845,META,SELL,LIMIT,642.63,81,1845,NEW,
1846,GOOGL,SELL,LIMIT,305.88,40,1846,NEW,
1847,TSLA,SELL,LIMIT,421.73,72,1847,NEW,
1848,AAPL,BUY,LIMIT,254.07,27,1848,NEW,
1849,SPY,BUY,LIMIT,679.64,17,1849,NEW,
1850,TSLA,SELL,LIMIT,421.67,66,1850,NEW,
1851,GOOGL,BUY,LIMIT,305.69,98,1851,NEW,
1852,NVDA,BUY,LIMIT,182.99,35,1852,NEW,
1853,SPY,BUY,LIMIT,679.7,30,1853,NEW,
1854,SPY,SELL,LIMIT,679.88,12,1854,NEW,
1855,NVDA,SELL,LIMIT,183.06,21,1855,NEW,
1856,MSFT,BUY,LIMIT,398.97,28,1856,NEW,
1857,AAPL,SELL,LIMIT,254.27,37,1857,NEW,
1858,SPY,SELL,LIMIT,679.93,39,1858,NEW,
1859,AAPL,SELL,LIMIT,254.3,39,1859,NEW,
1860,NVDA,BUY,LIMIT,183.09,12,1860,NEW,
1861,AMZN,BUY,LIMIT,197.65,71,1861,NEW,
1862,META,BUY,LIMIT,642.32,85,1862,NEW,
1863,AMZN,BUY,LIMIT,197.66,4,1863,NEW,
1864,AAPL,BUY,LIMIT,254.28,83,1864,NEW,
1865,META,BUY,LIMIT,642.32,5,1865,NEW,
1866,SPY,BUY,LIMIT,679.8,25,1866,NEW,
1867,NVDA,SELL,LIMIT,183.09,14,1867,NEW,
1868,MSFT,BUY,LIMIT,399.12,77,1868,NEW,
1869,META,BUY,LIMIT,642.29,29,1869,NEW,
1870,GOOGL,BUY,LIMIT,305.67,2,1870,NEW,
1871,SPY,SELL,LIMIT,680.08,91,1871,NEW,
1872,MSFT,SELL,LIMIT,399.31,79,1872,NEW,
1873,AAPL,BUY,LIMIT,254.25,212,1873,NEW,
1874,SPY,SELL,LIMIT,679.93,25,1874,NEW,
1875,SPY,SELL,LIMIT,679.66,511,1875,NEW,
1876,GOOGL,SELL,LIMIT,305.76,4,1876,NEW,
1877,AMZN,SELL,LIMIT,197.78,90,1877,NEW,
1878,MSFT,SELL,LIMIT,399.28,85,1878,NEW,
1879,AAPL,SELL,LIMIT,254.3,287,1879,NEW,
1880,TSLA,BUY,LIMIT,421.59,17,1880,NEW,
1881,TSLA,BUY,LIMIT,421.77,95,1881,NEW,
1882,MSFT,BUY,LIMIT,399.15,66,1882,NEW,
1883,AMZN,SELL,LIMIT,197.8,88,1883,NEW,
1884,META,BUY,LIMIT,642.18,85,1884,NEW,
1885,AAPL,SELL,LIMIT,254.36,39,1885,NEW,
1886,AAPL,BUY,LIMIT,254.33,56,1886,NEW,
1887,MSFT,SELL,LIMIT,399.54,17,1887,NEW,
1888,GOOGL,SELL,LIMIT,305.69,46,1888,NEW,
1889,MSFT,BUY,LIMIT,399.23,93,1889,NEW,
1890,TSLA,BUY,LIMIT,421.71,27,1890,NEW,
1891,SPY,BUY,LIMIT,679.54,750,1891,NEW,
1892,TSLA,SELL,LIMIT,422.11,291,1892,NEW,
1893,NVDA,BUY,LIMIT,183.02,10,1893,NEW,
1894,SPY,SELL,LIMIT,680.07,53,1894,NEW,
1895,MSFT,SELL,LIMIT,399.34,575,1895,NEW,
1896,GOOGL,BUY,LIMIT,305.58,36,1896,NEW,
1897,SPY,BUY,LIMIT,679.68,25,1897,NEW,
1898,TSLA,BUY,LIMIT,421.95,246,1898,NEW,
1899,GOOGL,SELL,LIMIT,305.79,100,1899,NEW,
1900,AMZN,SELL,LIMIT,197.84,96,1900,NEW,
1901,MSFT,SELL,LIMIT,399.37,7,1901,NEW,
1902,META,SELL,LIMIT,642.67,78,1902,NEW,
1903,GOOGL,BUY,LIMIT,305.7,66,1903,NEW,
1904,AAPL,BUY,LIMIT,254.35,7,1904,NEW,
1905,SPY,SELL,LIMIT,680.14,72,1905,NEW,
1906,TSLA,BUY,LIMIT,422.3,26,1906,NEW,
1907,MSFT,BUY,LIMIT,399.15,76,1907,NEW,
1908,GOOGL,BUY,LIMIT,305.85,70,1908,NEW,
1909,SPY,SELL,LIMIT,679.94,57,1909,NEW,
1910,SPY,BUY,LIMIT,679.72,753,1910,NEW,
1911,GOOGL,BUY,LIMIT,305.89,25,1911,NEW,
1912,TSLA,BUY,LIMIT,422.22,25,1912,NEW,
1913,AMZN,SELL,LIMIT,197.76,449,1913,NEW,
1914,AMZN,BUY,LIMIT,197.65,88,1914,NEW,
1915,TSLA,BUY,LIMIT,422.41,31,1915,NEW,
1916,META,SELL,LIMIT,642.76,23,1916,NEW,
1917,TSLA,SELL,LIMIT,422.42,374,1917,NEW,
1918,SPY,SELL,LIMIT,679.95,30,1918,NEW,
1919,AAPL,SELL,LIMIT,254.51,16,1919,NEW,
1920,GOOGL,BUY,LIMIT,305.97,53,1920,NEW,
1921,AMZN,BUY,LIMIT,197.63,52,1921,NEW,
1922,SPY,BUY,LIMIT,679.73,82,1922,NEW,
1923,AMZN,SELL,LIMIT,197.65,37,1923,NEW,
1924,NVDA,SELL,LIMIT,183.2,89,1924,NEW,
1925,NVDA,SELL,LIMIT,183.13,78,1925,NEW,
1926,SPY,BUY,LIMIT,679.9,75,1926,NEW,
1927,MSFT,SELL,LIMIT,399.48,13,1927,NEW,
1928,MSFT,BUY,LIMIT,399.27,819,1928,NEW,
1929,MSFT,BUY,LIMIT,399.32,78,1929,NEW,
1930,MSFT,SELL,LIMIT,399.51,100,1930,NEW,
1931,TSLA,BUY,LIMIT,422.21,13,1931,NEW,
1932,META,BUY,LIMIT,642.37,48,1932,NEW,
1933,GOOGL,SELL,LIMIT,306.16,99,1933,NEW,
1934,NVDA,BUY,LIMIT,183.05,99,1934,NEW,
1935,AMZN,BUY,LIMIT,197.56,14,1935,NEW,
1936,AMZN,BUY,LIMIT,197.64,3,1936,NEW,
1937,MSFT,BUY,LIMIT,399.33,40,1937,NEW,
1938,TSLA,BUY,LIMIT,421.88,9,1938,NEW,
1939,NVDA,BUY,LIMIT,183,21,1939,NEW,
1940,AAPL,BUY,LIMIT,254.53,76,1940,NEW,
1941,META,SELL,LIMIT,642.93,64,1941,NEW,
1942,NVDA,BUY,LIMIT,182.99,82,1942,NEW,
1943,AAPL,BUY,LIMIT,254.53,8,1943,NEW,
1944,MSFT,SELL,LIMIT,399.36,456,1944,NEW,
1945,TSLA,SELL,LIMIT,421.95,86,1945,NEW,
1946,GOOGL,SELL,LIMIT,306.26,74,1946,NEW,
1947,AAPL,SELL,LIMIT,254.64,32,1947,NEW,
1948,MSFT,BUY,LIMIT,399.11,27,1948,NEW,
1949,AAPL,SELL,LIMIT,254.6,32,1949,NEW,
1950,SPY,BUY,LIMIT,679.93,92,1950,NEW,
1951,SPY,SELL,LIMIT,680.28,70,1951,NEW,
1952,GOOGL,SELL,LIMIT,306.13,19,1952,NEW,
1953,META,SELL,LIMIT,642.94,51,1953,NEW,
1954,TSLA,SELL,LIMIT,422.35,11,1954,NEW,
1955,MSFT,BUY,LIMIT,399.14,60,1955,NEW,
1956,GOOGL,SELL,LIMIT,306.17,70,1956,NEW,
1957,SPY,BUY,LIMIT,679.97,9,1957,NEW,
1958,AAPL,BUY,LIMIT,254.42,23,1958,NEW,
1959,TSLA,BUY,LIMIT,422.47,84,1959,NEW,
1960,NVDA,BUY,LIMIT,182.95,92,1960,NEW,
1961,AAPL,BUY,LIMIT,254.43,21,1961,NEW,
1962,TSLA,SELL,LIMIT,422.65,51,1962,NEW,
1963,AAPL,BUY,LIMIT,254.5,17,1963,NEW,
1964,GOOGL,SELL,LIMIT,306.16,54,1964,NEW,
1965,GOOGL,BUY,LIMIT,306.07,18,1965,NEW,
1966,AAPL,SELL,LIMIT,254.54,630,1966,NEW,
1967,GOOGL,BUY,LIMIT,306.04,53,1967,NEW,
1968,AAPL,BUY,LIMIT,254.46,35,1968,NEW,
1969,AMZN,SELL,LIMIT,197.72,76,1969,NEW,
1970,SPY,BUY,LIMIT,680.06,38,1970,NEW,
1971,TSLA,SELL,LIMIT,422.56,61,1971,NEW,
1972,NVDA,BUY,LIMIT,183.01,40,1972,NEW,
1973,GOOGL,BUY,LIMIT,306.06,908,1973,NEW,
1974,MSFT,BUY,LIMIT,398.98,60,1974,NEW,
1975,SPY,BUY,LIMIT,680.13,35,1975,NEW,
1976,TSLA,SELL,LIMIT,422.57,92,1976,NEW,
1977,MSFT,BUY,LIMIT,399.05,88,1977,NEW,
1978,META,SELL,LIMIT,642.87,27,1978,NEW,
1979,TSLA,BUY,LIMIT,422.24,17,1979,NEW,
1980,MSFT,SELL,LIMIT,399.24,904,1980,NEW,
1981,TSLA,SELL,LIMIT,422.37,68,1981,NEW,
1982,NVDA,BUY,LIMIT,182.91,88,1982,NEW,
1983,GOOGL,BUY,LIMIT,305.97,46,1983,NEW,
1984,MSFT,SELL,LIMIT,399.07,22,1984,NEW,
1985,AMZN,BUY,LIMIT,197.63,71,1985,NEW,
1986,SPY,SELL,LIMIT,680.44,351,1986,NEW,
1987,MSFT,SELL,LIMIT,398.98,46,1987,NEW,
1988,MSFT,SELL,LIMIT,398.78,20,1988,NEW,
1989,MSFT,BUY,LIMIT,398.54,754,1989,NEW,
1990,SPY,BUY,LIMIT,680.23,50,1990,NEW,
1991,AAPL,BUY,LIMIT,254.54,776,1991,NEW,
1992,MSFT,SELL,LIMIT,398.74,36,1992,NEW,
1993,GOOGL,SELL,LIMIT,306.01,50,1993,NEW,
1994,TSLA,SELL,LIMIT,422.22,79,1994,NEW,
1995,MSFT,BUY,LIMIT,398.48,58,1995,NEW,
1996,SPY,BUY,LIMIT,680.34,51,1996,NEW,
1997,META,SELL,LIMIT,642.67,29,1997,NEW,
1998,AMZN,SELL,LIMIT,197.74,88,1998,NEW,
1999,AMZN,SELL,LIMIT,197.74,15,1999,NEW,
2000,META,BUY,LIMIT,642.29,24,2000,NEW,
2001,NVDA,SELL,LIMIT,182.98,83,2001,NEW,
2002,MSFT,BUY,LIMIT,398.43,76,2002,NEW,
2003,AAPL,SELL,LIMIT,254.7,87,2003,NEW,
2004,GOOGL,SELL,LIMIT,306.07,206,2004,NEW,
2005,SPY,SELL,LIMIT,680.67,85,2005,NEW,
2006,SPY,SELL,LIMIT,680.71,408,2006,NEW,
2007,AAPL,SELL,LIMIT,254.67,18,2007,NEW,
2008,NVDA,SELL,LIMIT,183.06,2,2008,NEW,
2009,AAPL,BUY,LIMIT,254.49,44,2009,NEW,
2010,NVDA,BUY,LIMIT,182.99,8,2010,NEW,
2011,MSFT,BUY,LIMIT,398.46,74,2011,NEW,
2012,GOOGL,SELL,LIMIT,306.17,45,2012,NEW,
2013,META,SELL,LIMIT,642.51,95,2013,NEW,
2014,META,SELL,LIMIT,642.47,54,2014,NEW,
2015,AAPL,SELL,LIMIT,254.54,8,2015,NEW,
2016,MSFT,SELL,LIMIT,398.62,60,2016,NEW,
2017,AMZN,BUY,LIMIT,197.6,94,2017,NEW,
2018,AAPL,SELL,LIMIT,254.47,23,2018,NEW,
2019,AAPL,BUY,LIMIT,254.34,55,2019,NEW,
2020,SPY,SELL,LIMIT,680.83,6,2020,NEW,
2021,NVDA,SELL,LIMIT,183.12,37,2021,NEW,
2022,NVDA,SELL,LIMIT,182.94,37,2022,NEW,
2023,AAPL,BUY,LIMIT,254.33,14,2023,NEW,
2024,GOOGL,BUY,LIMIT,306.06,37,2024,NEW,
2025,GOOGL,BUY,LIMIT,306.05,63,2025,NEW,
2026,SPY,SELL,LIMIT,680.87,100,2026,NEW,
2027,MSFT,SELL,LIMIT,398.6,1,2027,NEW,
2028,TSLA,SELL,LIMIT,421.91,100,2028,NEW,
2029,GOOGL,BUY,LIMIT,306.07,58,2029,NEW,
2030,SPY,BUY,LIMIT,680.53,56,2030,NEW,
2031,META,SELL,LIMIT,641.95,70,2031,NEW,
2032,GOOGL,SELL,LIMIT,306.27,46,2032,NEW,
2033,TSLA,SELL,LIMIT,421.81,80,2033,NEW,
2034,GOOGL,SELL,LIMIT,306.29,62,2034,NEW,
2035,META,SELL,LIMIT,642.13,64,2035,NEW,
2036,TSLA,SELL,LIMIT,422.01,21,2036,NEW,
2037,MSFT,BUY,LIMIT,398.31,14,2037,NEW,
2038,AMZN,BUY,LIMIT,197.62,50,2038,NEW,
2039,MSFT,BUY,LIMIT,398.41,1,2039,NEW,
2040,SPY,SELL,LIMIT,680.91,29,2040,NEW,
2041,GOOGL,BUY,LIMIT,306.19,58,2041,NEW,
2042,SPY,BUY,LIMIT,680.61,47,2042,NEW,
2043,MSFT,BUY,LIMIT,398.34,58,2043,NEW,
2044,META,BUY,LIMIT,641.73,9,2044,NEW,
2045,MSFT,BUY,LIMIT,398.39,42,2045,NEW,
2046,NVDA,BUY,LIMIT,182.95,84,2046,NEW,
2047,META,SELL,LIMIT,642.06,80,2047,NEW,
2048,SPY,SELL,LIMIT,680.9,70,2048,NEW,
2049,GOOGL,BUY,LIMIT,306.2,40,2049,NEW,
2050,SPY,BUY,LIMIT,680.69,45,2050,NEW,
2051,TSLA,SELL,LIMIT,422.03,69,2051,NEW,
2052,AAPL,BUY,LIMIT,254.43,15,2052,NEW,
2053,TSLA,BUY,LIMIT,421.82,11,2053,NEW,
2054,SPY,SELL,LIMIT,680.94,894,2054,NEW,
2055,AAPL,SELL,LIMIT,254.57,35,2055,NEW,
2056,SPY,SELL,LIMIT,681.02,84,2056,NEW,
2057,TSLA,SELL,LIMIT,422.16,8,2057,NEW,
2058,NVDA,SELL,LIMIT,183.03,63,2058,NEW,
2059,TSLA,SELL,LIMIT,422.51,900,2059,NEW,
2060,AAPL,SELL,LIMIT,254.52,88,2060,NEW,
2061,AAPL,BUY,LIMIT,254.45,99,2061,NEW,
2062,TSLA,SELL,LIMIT,422.69,893,2062,NEW,
2063,SPY,SELL,LIMIT,681.02,42,2063,NEW,
2064,SPY,BUY,LIMIT,680.77,760,2064,NEW,
2065,TSLA,BUY,LIMIT,422.69,88,2065,NEW,
2066,AAPL,SELL,LIMIT,254.57,56,2066,NEW,
2067,NVDA,BUY,LIMIT,183.04,421,2067,NEW,
2068,TSLA,SELL,LIMIT,422.83,61,2068,NEW,
2069,TSLA,BUY,LIMIT,422.86,34,2069,NEW,
2070,META,SELL,LIMIT,642.06,8,2070,NEW,
2071,AAPL,SELL,LIMIT,254.5,79,2071,NEW,
2072,TSLA,BUY,LIMIT,422.48,2,2072,NEW,
2073,AMZN,BUY,LIMIT,197.63,81,2073,NEW,
2074,NVDA,SELL,LIMIT,183.13,70,2074,NEW,
2075,GOOGL,SELL,LIMIT,306.29,28,2075,NEW,
2076,MSFT,BUY,LIMIT,398.34,9,2076,NEW,
2077,GOOGL,BUY,LIMIT,306.2,78,2077,NEW,
2078,MSFT,BUY,LIMIT,398.4,22,2078,NEW,
2079,AMZN,SELL,LIMIT,197.79,45,2079,NEW,
2080,AAPL,SELL,LIMIT,254.5,723,2080,NEW,
2081,GOOGL,SELL,LIMIT,306.22,6,2081,NEW,
2082,TSLA,BUY,LIMIT,422.49,9,2082,NEW,
2083,GOOGL,BUY,LIMIT,306.08,59,2083,NEW,
2084,AAPL,BUY,LIMIT,254.45,31,2084,NEW,
2085,SPY,SELL,LIMIT,681.05,241,2085,NEW,
2086,NVDA,BUY,LIMIT,183.12,49,2086,NEW,
2087,NVDA,BUY,LIMIT,183.04,48,2087,NEW,
2088,NVDA,BUY,LIMIT,183.17,66,2088,NEW,
2089,NVDA,BUY,LIMIT,183.14,31,2089,NEW,
2090,GOOGL,SELL,LIMIT,306.24,88,2090,NEW,
2091,AMZN,BUY,LIMIT,197.69,56,2091,NEW,
2092,NVDA,SELL,LIMIT,183.25,54,2092,NEW,
2093,GOOGL,SELL,LIMIT,306.25,18,2093,NEW,
2094,GOOGL,SELL,LIMIT,306.24,42,2094,NEW,
2095,AMZN,SELL,LIMIT,197.78,18,2095,NEW,
2096,TSLA,SELL,LIMIT,422.97,33,2096,NEW,
2097,TSLA,BUY,LIMIT,422.84,45,2097,NEW,
2098,TSLA,SELL,LIMIT,423.01,78,2098,NEW,
2099,SPY,SELL,LIMIT,681,9,2099,NEW,
2100,SPY,SELL,LIMIT,680.88,13,2100,NEW,
2101,AMZN,BUY,LIMIT,197.72,61,2101,NEW,
2102,GOOGL,SELL,LIMIT,306.17,78,2102,NEW,
2103,MSFT,BUY,LIMIT,398.41,5,2103,NEW,
2104,NVDA,BUY,LIMIT,183.15,264,2104,NEW,
2105,AMZN,BUY,LIMIT,197.64,93,2105,NEW,
2106,META,SELL,LIMIT,642.27,98,2106,NEW,
2107,TSLA,BUY,LIMIT,423.02,677,2107,NEW,
2108,TSLA,BUY,LIMIT,423.17,84,2108,NEW,
2109,AMZN,SELL,LIMIT,197.75,727,2109,NEW,
2110,NVDA,SELL,LIMIT,183.13,27,2110,NEW,
2111,MSFT,SELL,LIMIT,398.59,87,2111,NEW,
2112,MSFT,BUY,LIMIT,398.41,9,2112,NEW,
2113,NVDA,SELL,LIMIT,183.13,25,2113,NEW,
2114,NVDA,BUY,LIMIT,183.1,41,2114,NEW,
2115,TSLA,BUY,LIMIT,423.04,33,2115,NEW,
2116,AAPL,SELL,LIMIT,254.52,94,2116,NEW,
2117,SPY,SELL,LIMIT,680.81,49,2117,NEW,
2118,MSFT,SELL,LIMIT,398.52,3,2118,NEW,
2119,META,SELL,LIMIT,641.92,31,2119,NEW,
2120,MSFT,SELL,LIMIT,398.46,35,2120,NEW,
2121,TSLA,SELL,LIMIT,423.04,54,2121,NEW,
2122,AAPL,SELL,LIMIT,254.53,20,2122,NEW,
2123,MSFT,BUY,LIMIT,398.24,867,2123,NEW,
2124,NVDA,SELL,LIMIT,183.21,87,2124,NEW,
2125,TSLA,SELL,LIMIT,423.17,23,2125,NEW,
2126,SPY,SELL,LIMIT,680.75,726,2126,NEW,
2127,AAPL,SELL,LIMIT,254.47,4,2127,NEW,
2128,SPY,BUY,LIMIT,680.48,91,2128,NEW,
2129,NVDA,SELL,LIMIT,183.21,18,2129,NEW,
2130,MSFT,SELL,LIMIT,398.31,49,2130,NEW,
2131,GOOGL,SELL,LIMIT,306.13,73,2131,NEW,
2132,TSLA,BUY,LIMIT,423.08,50,2132,NEW,
2133,SPY,SELL,LIMIT,680.66,93,2133,NEW,
2134,META,SELL,LIMIT,642.07,18,2134,NEW,
2135,AAPL,BUY,LIMIT,254.37,60,2135,NEW,
2136,SPY,BUY,LIMIT,680.27,69,2136,NEW,
2137,AMZN,BUY,LIMIT,197.61,650,2137,NEW,
2138,MSFT,BUY,LIMIT,398,41,2138,NEW,
2139,AAPL,SELL,LIMIT,254.41,93,2139,NEW,
2140,AMZN,SELL,LIMIT,197.69,73,2140,NEW,
2141,GOOGL,BUY,LIMIT,305.96,973,2141,NEW,
2142,GOOGL,BUY,LIMIT,305.92,745,2142,NEW,
2143,NVDA,SELL,LIMIT,183.15,37,2143,NEW,
2144,NVDA,BUY,LIMIT,183.04,54,2144,NEW,
2145,AMZN,BUY,LIMIT,197.6,79,2145,NEW,
2146,MSFT,SELL,LIMIT,398.15,49,2146,NEW,
2147,TSLA,BUY,LIMIT,423.11,93,2147,NEW,
2148,MSFT,SELL,LIMIT,398.26,98,2148,NEW,
2149,MSFT,BUY,LIMIT,398.17,38,2149,NEW,
2150,AMZN,SELL,LIMIT,197.68,333,2150,NEW,
2151,META,SELL,LIMIT,642.25,64,2151,NEW,
2152,NVDA,SELL,LIMIT,183.08,4,2152,NEW,
2153,NVDA,BUY,LIMIT,183.05,74,2153,NEW,
2154,TSLA,BUY,LIMIT,422.97,17,2154,NEW,
2155,NVDA,BUY,LIMIT,183.07,14,2155,NEW,
2156,SPY,BUY,LIMIT,680.29,40,2156,NEW,
2157,NVDA,SELL,LIMIT,183.18,504,2157,NEW,
2158,GOOGL,BUY,LIMIT,306.02,46,2158,NEW,
2159,NVDA,SELL,LIMIT,183.19,18,2159,NEW,
2160,SPY,BUY,LIMIT,680.38,19,2160,NEW,
2161,SPY,BUY,LIMIT,680.54,54,2161,NEW,
2162,GOOGL,BUY,LIMIT,306.06,57,2162,NEW,
2163,AAPL,SELL,LIMIT,254.4,94,2163,NEW,
2164,GOOGL,BUY,LIMIT,306.12,16,2164,NEW,
2165,AAPL,SELL,LIMIT,254.44,83,2165,NEW,
2166,AAPL,BUY,LIMIT,254.37,52,2166,NEW,
2167,SPY,SELL,LIMIT,680.84,38,2167,NEW,
2168,META,BUY,LIMIT,642.31,22,2168,NEW,
2169,MSFT,SELL,LIMIT,398.3,90,2169,NEW,
2170,SPY,BUY,LIMIT,680.65,26,2170,NEW,
2171,TSLA,SELL,LIMIT,423.43,28,2171,NEW,
2172,MSFT,SELL,LIMIT,398.37,42,2172,NEW,
2173,META,BUY,LIMIT,642.4,39,2173,NEW,
2174,AMZN,BUY,LIMIT,197.6,47,2174,NEW,
2175,MSFT,SELL,LIMIT,398.34,19,2175,NEW,
2176,AAPL,BUY,LIMIT,254.34,75,2176,NEW,
2177,TSLA,BUY,LIMIT,423.43,48,2177,NEW,
2178,META,BUY,LIMIT,642.22,243,2178,NEW,
2179,MSFT,SELL,LIMIT,398.22,5,2179,NEW,
2180,MSFT,BUY,LIMIT,398.07,67,2180,NEW,
2181,AMZN,BUY,LIMIT,197.56,10,2181,NEW,
2182,TSLA,BUY,LIMIT,423.54,1,2182,NEW,
2183,AAPL,BUY,LIMIT,254.27,27,2183,NEW,
2184,META,BUY,LIMIT,642.37,885,2184,NEW,
2185,NVDA,SELL,LIMIT,183.13,39,2185,NEW,
2186,MSFT,SELL,LIMIT,398.26,60,2186,NEW,
2187,NVDA,BUY,LIMIT,182.96,99,2187,NEW,
2188,META,SELL,LIMIT,642.8,74,2188,NEW,
2189,META,SELL,LIMIT,643.01,52,2189,NEW,
2190,TSLA,BUY,LIMIT,423.76,487,2190,NEW,
2191,META,BUY,LIMIT,642.63,584,2191,NEW,
2192,NVDA,SELL,LIMIT,182.99,100,2192,NEW,
2193,TSLA,SELL,LIMIT,424.16,7,2193,NEW,
2194,MSFT,SELL,LIMIT,398.26,59,2194,NEW,
2195,SPY,SELL,LIMIT,680.99,58,2195,NEW,
2196,NVDA,SELL,LIMIT,182.9,21,2196,NEW,
2197,TSLA,SELL,LIMIT,424.23,668,2197,NEW,
2198,GOOGL,SELL,LIMIT,306.12,78,2198,NEW,
2199,GOOGL,SELL,LIMIT,306.1,44,2199,NEW,
2200,SPY,BUY,LIMIT,680.57,5,2200,NEW,
2201,TSLA,BUY,LIMIT,423.6,4,2201,NEW,
2202,GOOGL,SELL,LIMIT,306.17,919,2202,NEW,
2203,MSFT,SELL,LIMIT,398.25,821,2203,NEW,
2204,MSFT,SELL,LIMIT,398.54,53,2204,NEW,
2205,AMZN,BUY,LIMIT,197.55,780,2205,NEW,
2206,AMZN,SELL,LIMIT,197.66,11,2206,NEW,
2207,SPY,BUY,LIMIT,680.64,21,2207,NEW,
2208,MSFT,SELL,LIMIT,398.43,53,2208,NEW,
2209,AMZN,SELL,LIMIT,197.7,33,2209,NEW,
2210,SPY,BUY,LIMIT,680.6,40,2210,NEW,
2211,TSLA,BUY,LIMIT,423.9,5,2211,NEW,
2212,GOOGL,BUY,LIMIT,306.02,582,2212,NEW,
2213,META,SELL,LIMIT,642.78,39,2213,NEW,
2214,SPY,SELL,LIMIT,680.85,55,2214,NEW,
2215,SPY,SELL,LIMIT,680.75,70,2215,NEW,
2216,NVDA,BUY,LIMIT,182.81,57,2216,NEW,
2217,AAPL,SELL,LIMIT,254.41,59,2217,NEW,
2218,AAPL,SELL,LIMIT,254.4,35,2218,NEW,
2219,META,SELL,LIMIT,642.84,4,2219,NEW,
2220,SPY,BUY,LIMIT,680.42,52,2220,NEW,
2221,AAPL,SELL,LIMIT,254.48,34,2221,NEW,
2222,AAPL,SELL,LIMIT,254.42,23,2222,NEW,
2223,GOOGL,SELL,LIMIT,306.16,93,2223,NEW,
2224,GOOGL,SELL,LIMIT,306.12,45,2224,NEW,
2225,NVDA,BUY,LIMIT,182.83,52,2225,NEW,
2226,AAPL,BUY,LIMIT,254.35,54,2226,NEW,
2227,TSLA,BUY,LIMIT,423.83,63,2227,NEW,
2228,AAPL,BUY,LIMIT,254.33,11,2228,NEW,
2229,AAPL,BUY,LIMIT,254.38,58,2229,NEW,
2230,TSLA,SELL,LIMIT,424,71,2230,NEW,
2231,TSLA,SELL,LIMIT,424.09,95,2231,NEW,
2232,AAPL,BUY,LIMIT,254.37,78,2232,NEW,
2233,MSFT,BUY,LIMIT,398.17,59,2233,NEW,
2234,SPY,SELL,LIMIT,680.77,78,2234,NEW,
2235,NVDA,BUY,LIMIT,182.84,67,2235,NEW,
2236,TSLA,SELL,LIMIT,424.24,20,2236,NEW,
2237,AMZN,SELL,LIMIT,197.69,53,2237,NEW,
2238,AAPL,BUY,LIMIT,254.4,13,2238,NEW,
2239,AMZN,SELL,LIMIT,197.54,98,2239,NEW,
2240,MSFT,BUY,LIMIT,398.2,68,2240,NEW,
2241,GOOGL,BUY,LIMIT,306.04,63,2241,NEW,
2242,TSLA,SELL,LIMIT,424.35,816,2242,NEW,
2243,META,BUY,LIMIT,642.28,12,2243,NEW,
2244,MSFT,BUY,LIMIT,398.3,95,2244,NEW,
2245,NVDA,BUY,LIMIT,182.79,46,2245,NEW,
2246,AMZN,BUY,LIMIT,197.37,21,2246,NEW,
2247,SPY,SELL,LIMIT,680.97,3,2247,NEW,
2248,AAPL,SELL,LIMIT,254.47,93,2248,NEW,
2249,TSLA,SELL,LIMIT,424.28,65,2249,NEW,
2250,NVDA,BUY,LIMIT,182.83,61,2250,NEW,
2251,META,SELL,LIMIT,642.23,53,2251,NEW,
2252,AMZN,SELL,LIMIT,197.4,470,2252,NEW,
2253,TSLA,BUY,LIMIT,423.88,43,2253,NEW,
2254,TSLA,BUY,LIMIT,423.79,98,2254,NEW,
2255,NVDA,BUY,LIMIT,182.8,38,2255,NEW,
2256,TSLA,SELL,LIMIT,424.09,226,2256,NEW,
2257,GOOGL,BUY,LIMIT,306.17,2,2257,NEW,
2258,GOOGL,BUY,LIMIT,306.04,50,2258,NEW,
2259,TSLA,SELL,LIMIT,424.17,53,2259,NEW,
2260,NVDA,BUY,LIMIT,182.86,97,2260,NEW,
2261,AMZN,BUY,LIMIT,197.26,100,2261,NEW,
2262,META,SELL,LIMIT,642.6,20,2262,NEW,
2263,AAPL,SELL,LIMIT,254.45,87,2263,NEW,
2264,MSFT,SELL,LIMIT,398.44,86,2264,NEW,
2265,TSLA,BUY,LIMIT,424.13,13,2265,NEW,
2266,GOOGL,SELL,LIMIT,306.13,27,2266,NEW,
2267,META,SELL,LIMIT,642.51,81,2267,NEW,
2268,META,BUY,LIMIT,642.38,46,2268,NEW,
2269,META,SELL,LIMIT,642.58,41,2269,NEW,
2270,NVDA,SELL,LIMIT,183.01,79,2270,NEW,
2271,META,BUY,LIMIT,642.34,84,2271,NEW,
2272,AAPL,SELL,LIMIT,254.54,724,2272,NEW,
2273,GOOGL,SELL,LIMIT,306.2,64,2273,NEW,
2274,GOOGL,SELL,LIMIT,306.09,84,2274,NEW,
2275,AAPL,BUY,LIMIT,254.36,34,2275,NEW,
2276,TSLA,SELL,LIMIT,424.38,51,2276,NEW,
2277,MSFT,SELL,LIMIT,398.52,77,2277,NEW,
2278,NVDA,SELL,LIMIT,183.18,24,2278,NEW,
2279,SPY,SELL,LIMIT,681.01,53,2279,NEW,
2280,NVDA,BUY,LIMIT,183.23,10,2280,NEW,
2281,AMZN,SELL,LIMIT,197.33,66,2281,NEW,
2282,META,BUY,LIMIT,642.11,36,2282,NEW,
2283,AAPL,SELL,LIMIT,254.57,63,2283,NEW,
2284,AAPL,SELL,LIMIT,254.69,13,2284,NEW,
2285,SPY,SELL,LIMIT,681.18,11,2285,NEW,
2286,SPY,BUY,LIMIT,680.97,47,2286,NEW,
2287,AAPL,SELL,LIMIT,254.65,5,2287,NEW,
2288,AAPL,BUY,LIMIT,254.53,870,2288,NEW,
2289,NVDA,SELL,LIMIT,183.32,13,2289,NEW,
2290,TSLA,SELL,LIMIT,424.43,100,2290,NEW,
2291,GOOGL,BUY,LIMIT,305.98,12,2291,NEW,
2292,TSLA,BUY,LIMIT,424.38,12,2292,NEW,
2293,MSFT,SELL,LIMIT,398.56,16,2293,NEW,
2294,SPY,BUY,LIMIT,680.75,95,2294,NEW,
2295,GOOGL,SELL,LIMIT,306.09,47,2295,NEW,
2296,GOOGL,SELL,LIMIT,306.25,28,2296,NEW,
2297,META,SELL,LIMIT,642.18,990,2297,NEW,
2298,SPY,BUY,LIMIT,680.92,29,2298,NEW,
2299,AAPL,SELL,LIMIT,254.6,4,2299,NEW,
2300,TSLA,BUY,LIMIT,424.19,54,2300,NEW,
2301,GOOGL,SELL,LIMIT,306.16,80,2301,NEW,
2302,MSFT,BUY,LIMIT,398.47,87,2302,NEW,
2303,MSFT,SELL,LIMIT,398.65,58,2303,NEW,
2304,MSFT,SELL,LIMIT,398.63,979,2304,NEW,
2305,AMZN,SELL,LIMIT,197.34,32,2305,NEW,
2306,SPY,BUY,LIMIT,680.82,41,2306,NEW,
2307,MSFT,BUY,LIMIT,398.59,11,2307,NEW,
2308,TSLA,SELL,LIMIT,424.5,6,2308,NEW,
2309,SPY,BUY,LIMIT,680.86,20,2309,NEW,
2310,TSLA,SELL,LIMIT,424.52,28,2310,NEW,
2311,GOOGL,BUY,LIMIT,306.04,40,2311,NEW,
2312,AAPL,BUY,LIMIT,254.53,8,2312,NEW,
2313,NVDA,BUY,LIMIT,183.32,40,2313,NEW,
2314,NVDA,SELL,LIMIT,183.41,39,2314,NEW,
2315,META,SELL,LIMIT,642.09,34,2315,NEW,
2316,AAPL,BUY,LIMIT,254.56,51,2316,NEW,
2317,SPY,BUY,LIMIT,680.88,17,2317,NEW,
2318,AAPL,BUY,LIMIT,254.64,19,2318,NEW,
2319,GOOGL,SELL,LIMIT,306.15,29,2319,NEW,
2320,AAPL,BUY,LIMIT,254.6,69,2320,NEW,
2321,AMZN,BUY,LIMIT,197.35,95,2321,NEW,
2322,AMZN,SELL,LIMIT,197.43,65,2322,NEW,
2323,MSFT,SELL,LIMIT,398.86,86,2323,NEW,
2324,TSLA,SELL,LIMIT,424.36,27,2324,NEW,
2325,META,BUY,LIMIT,641.68,41,2325,NEW,
2326,TSLA,SELL,LIMIT,424.21,65,2326,NEW,
2327,META,SELL,LIMIT,642.04,46,2327,NEW,
2328,GOOGL,SELL,LIMIT,306.12,56,2328,NEW,
2329,AAPL,BUY,LIMIT,254.5,3,2329,NEW,
2330,AMZN,BUY,LIMIT,197.32,73,2330,NEW,
2331,META,SELL,LIMIT,641.92,2,2331,NEW,
2332,GOOGL,SELL,LIMIT,306.08,9,2332,NEW,
2333,TSLA,SELL,LIMIT,424.23,92,2333,NEW,
2334,TSLA,SELL,LIMIT,424.46,63,2334,NEW,
2335,AMZN,SELL,LIMIT,197.34,22,2335,NEW,
2336,MSFT,BUY,LIMIT,398.62,97,2336,NEW,
2337,NVDA,BUY,LIMIT,183.47,42,2337,NEW,
2338,AAPL,SELL,LIMIT,254.69,949,2338,NEW,
2339,TSLA,SELL,LIMIT,424.57,92,2339,NEW,
2340,AAPL,BUY,LIMIT,254.56,63,2340,NEW,
2341,AMZN,SELL,LIMIT,197.32,91,2341,NEW,
2342,GOOGL,BUY,LIMIT,305.97,78,2342,NEW,
2343,AMZN,BUY,LIMIT,197.23,49,2343,NEW,
2344,AMZN,BUY,LIMIT,197.19,49,2344,NEW,
2345,AMZN,SELL,LIMIT,197.2,76,2345,NEW,
2346,MSFT,BUY,LIMIT,398.56,98,2346,NEW,
2347,GOOGL,BUY,LIMIT,305.95,30,2347,NEW,
2348,MSFT,SELL,LIMIT,398.74,81,2348,NEW,
2349,META,BUY,LIMIT,642,82,2349,NEW,
2350,META,SELL,LIMIT,642.24,47,2350,NEW,
2351,AMZN,SELL,LIMIT,197.21,95,2351,NEW,
2352,MSFT,SELL,LIMIT,398.87,16,2352,NEW,
2353,MSFT,BUY,LIMIT,398.84,51,2353,NEW,
2354,MSFT,BUY,LIMIT,398.76,91,2354,NEW,
2355,NVDA,SELL,LIMIT,183.59,33,2355,NEW,
2356,GOOGL,BUY,LIMIT,305.99,4,2356,NEW,
2357,AMZN,BUY,LIMIT,197.1,91,2357,NEW,
2358,TSLA,SELL,LIMIT,424.55,77,2358,NEW,
2359,NVDA,BUY,LIMIT,183.53,48,2359,NEW,
2360,NVDA,SELL,LIMIT,183.51,68,2360,NEW,
2361,AAPL,SELL,LIMIT,254.73,83,2361,NEW,
2362,META,BUY,LIMIT,641.9,12,2362,NEW,
2363,AAPL,BUY,LIMIT,254.68,75,2363,NEW,
2364,SPY,SELL,LIMIT,681.11,73,2364,NEW,
2365,NVDA,SELL,LIMIT,183.52,8,2365,NEW,
2366,SPY,SELL,LIMIT,680.93,54,2366,NEW,
2367,SPY,BUY,LIMIT,680.62,2,2367,NEW,
2368,SPY,BUY,LIMIT,680.73,38,2368,NEW,
2369,GOOGL,SELL,LIMIT,306.12,94,2369,NEW,
2370,SPY,SELL,LIMIT,680.9,96,2370,NEW,
2371,SPY,SELL,LIMIT,681.21,87,2371,NEW,
2372,AAPL,BUY,LIMIT,254.73,81,2372,NEW,
2373,SPY,SELL,LIMIT,681.39,91,2373,NEW,
2374,AAPL,SELL,LIMIT,254.81,98,2374,NEW,
2375,NVDA,SELL,LIMIT,183.64,598,2375,NEW,
2376,AAPL,BUY,LIMIT,254.65,48,2376,NEW,
2377,SPY,BUY,LIMIT,681.07,78,2377,NEW,
2378,GOOGL,BUY,LIMIT,305.97,83,2378,NEW,
2379,NVDA,SELL,LIMIT,183.63,49,2379,NEW,
2380,META,SELL,LIMIT,642.07,99,2380,NEW,
2381,GOOGL,SELL,LIMIT,305.94,948,2381,NEW,
2382,NVDA,BUY,LIMIT,183.57,89,2382,NEW,
2383,MSFT,BUY,LIMIT,398.73,20,2383,NEW,
2384,AMZN,BUY,LIMIT,197.08,399,2384,NEW,
2385,META,BUY,LIMIT,641.69,29,2385,NEW,
2386,AAPL,SELL,LIMIT,254.74,69,2386,NEW,
2387,AAPL,SELL,LIMIT,254.82,21,2387,NEW,
2388,MSFT,BUY,LIMIT,398.81,14,2388,NEW,
2389,NVDA,SELL,LIMIT,183.65,26,2389,NEW,
2390,AMZN,SELL,LIMIT,197.13,57,2390,NEW,
2391,MSFT,BUY,LIMIT,398.85,32,2391,NEW,
2392,SPY,BUY,LIMIT,681.15,79,2392,NEW,
2393,AAPL,SELL,LIMIT,254.97,80,2393,NEW,
2394,META,SELL,LIMIT,641.94,46,2394,NEW,
2395,MSFT,BUY,LIMIT,398.88,846,2395,NEW,
2396,TSLA,SELL,LIMIT,424.38,65,2396,NEW,
2397,SPY,SELL,LIMIT,681.37,53,2397,NEW,
2398,SPY,BUY,LIMIT,681.12,20,2398,NEW,
2399,MSFT,SELL,LIMIT,399.02,73,2399,NEW,
2400,MSFT,SELL,LIMIT,399.03,14,2400,NEW,
2401,MSFT,SELL,LIMIT,399.15,40,2401,NEW,
2402,GOOGL,SELL,LIMIT,305.96,9,2402,NEW,
2403,SPY,BUY,LIMIT,681.14,69,2403,NEW,
2404,NVDA,BUY,LIMIT,183.58,82,2404,NEW,
2405,AAPL,SELL,LIMIT,255.06,35,2405,NEW,
2406,AAPL,BUY,LIMIT,255.04,91,2406,NEW,
2407,META,BUY,LIMIT,641.72,19,2407,NEW,
2408,AAPL,BUY,LIMIT,255.1,6,2408,NEW,
2409,GOOGL,BUY,LIMIT,305.71,73,2409,NEW,
2410,AMZN,SELL,LIMIT,197.1,49,2410,NEW,
2411,AAPL,BUY,LIMIT,255.06,48,2411,NEW,
2412,NVDA,BUY,LIMIT,183.56,95,2412,NEW,
2413,AAPL,SELL,LIMIT,255.16,62,2413,NEW,
2414,MSFT,SELL,LIMIT,399.14,36,2414,NEW,
2415,MSFT,BUY,LIMIT,399.06,42,2415,NEW,
2416,TSLA,BUY,LIMIT,424.49,35,2416,NEW,
2417,GOOGL,BUY,LIMIT,305.71,86,2417,NEW,
2418,GOOGL,SELL,LIMIT,305.69,61,2418,NEW,
2419,MSFT,BUY,LIMIT,398.99,48,2419,NEW,
2420,AMZN,BUY,LIMIT,197.04,904,2420,NEW,
2421,MSFT,SELL,LIMIT,399.33,81,2421,NEW,
2422,TSLA,BUY,LIMIT,424.38,48,2422,NEW,
2423,MSFT,SELL,LIMIT,399.19,34,2423,NEW,
2424,TSLA,BUY,LIMIT,424.26,22,2424,NEW,
2425,AAPL,BUY,LIMIT,254.97,443,2425,NEW,
2426,AAPL,BUY,LIMIT,254.91,2,2426,NEW,
2427,TSLA,BUY,LIMIT,424.29,42,2427,NEW,
2428,AAPL,SELL,LIMIT,255.05,12,2428,NEW,
2429,AMZN,SELL,LIMIT,197.05,97,2429,NEW,
2430,AMZN,SELL,LIMIT,197.07,81,2430,NEW,
2431,TSLA,SELL,LIMIT,424.63,79,2431,NEW,
2432,MSFT,BUY,LIMIT,399.06,384,2432,NEW,
2433,SPY,SELL,LIMIT,681.63,82,2433,NEW,
2434,NVDA,SELL,LIMIT,183.6,59,2434,NEW,
2435,AAPL,BUY,LIMIT,254.99,77,2435,NEW,
2436,AMZN,BUY,LIMIT,197,82,2436,NEW,
2437,NVDA,SELL,LIMIT,183.66,82,2437,NEW,
2438,META,SELL,LIMIT,642.16,860,2438,NEW,
2439,META,SELL,LIMIT,641.99,3,2439,NEW,
2440,NVDA,BUY,LIMIT,183.69,37,2440,NEW,
2441,MSFT,SELL,LIMIT,399.19,710,2441,NEW,
2442,MSFT,BUY,LIMIT,399.02,99,2442,NEW,
2443,AMZN,SELL,LIMIT,197.09,100,2443,NEW,
2444,AAPL,SELL,LIMIT,255.06,54,2444,NEW,
2445,NVDA,BUY,LIMIT,183.67,99,2445,NEW,
2446,AMZN,BUY,LIMIT,196.99,78,2446,NEW,
2447,SPY,SELL,LIMIT,681.56,71,2447,NEW,
2448,AAPL,BUY,LIMIT,254.94,17,2448,NEW,
2449,META,SELL,LIMIT,641.89,66,2449,NEW,
2450,AAPL,BUY,LIMIT,254.97,14,2450,NEW,
2451,TSLA,BUY,LIMIT,424.49,52,2451,NEW,
2452,TSLA,BUY,LIMIT,424.49,89,2452,NEW,
2453,META,BUY,LIMIT,641.64,83,2453,NEW,
2454,MSFT,BUY,LIMIT,399.05,33,2454,NEW,
2455,TSLA,BUY,LIMIT,424.79,41,2455,NEW,
2456,NVDA,BUY,LIMIT,183.64,24,2456,NEW,
2457,NVDA,BUY,LIMIT,183.76,78,2457,NEW,
2458,META,SELL,LIMIT,641.53,73,2458,NEW,
2459,AAPL,SELL,LIMIT,255.07,49,2459,NEW,
2460,AAPL,BUY,LIMIT,255,87,2460,NEW,
2461,TSLA,SELL,LIMIT,424.97,92,2461,NEW,
2462,MSFT,SELL,LIMIT,399.19,91,2462,NEW,
2463,GOOGL,SELL,LIMIT,305.66,46,2463,NEW,
2464,TSLA,SELL,LIMIT,425.04,47,2464,NEW,
2465,AMZN,SELL,LIMIT,196.98,242,2465,NEW,
2466,TSLA,SELL,LIMIT,424.96,70,2466,NEW,
2467,AAPL,SELL,LIMIT,255.16,20,2467,NEW,
2468,SPY,SELL,LIMIT,681.69,63,2468,NEW,
2469,AMZN,SELL,LIMIT,196.92,50,2469,NEW,
