seq,symbol,side,type,price,qty,peak_qty,order_id,action,ref_id
1,MSFT,BUY,LIMIT,401.2,343,,1,NEW,
2,NVDA,SELL,LIMIT,182.96,76,,2,NEW,
3,AAPL,SELL,LIMIT,255.74,73,,3,NEW,
4,AMZN,SELL,LIMIT,198.8,68,,4,NEW,
5,NVDA,SELL,LIMIT,182.94,13,,5,NEW,
6,TSLA,BUY,LIMIT,417.31,436,,6,NEW,
7,META,BUY,LIMIT,639.43,78,,7,NEW,
8,SPY,SELL,LIMIT,681.94,33,,8,NEW,
9,MSFT,BUY,LIMIT,401.34,942,,9,NEW,
10,NVDA,BUY,LIMIT,182.95,64,,10,NEW,
11,NVDA,SELL,LIMIT,182.95,112,,11,NEW,
12,MSFT,SELL,LIMIT,401.4,95,,12,NEW,
13,MSFT,SELL,LIMIT,401.31,13,,13,NEW,
14,NVDA,BUY,LIMIT,182.96,105,,14,NEW,
15,GOOGL,SELL,LIMIT,305.76,31,,15,NEW,
16,TSLA,SELL,LIMIT,417.33,116,,16,NEW,
17,AAPL,SELL,LIMIT,255.76,104,,17,NEW,
18,GOOGL,BUY,LIMIT,305.66,13,,18,NEW,
19,MSFT,SELL,LIMIT,401.37,74,,19,NEW,
20,SPY,SELL,LIMIT,681.95,74,,20,NEW,
21,AAPL,SELL,LIMIT,255.78,76,,21,NEW,
22,TSLA,SELL,LIMIT,417.09,39,,22,NEW,
23,AMZN,SELL,LIMIT,198.8,15,,23,NEW,
24,AAPL,BUY,LIMIT,255.62,66,,24,NEW,
25,AMZN,SELL,LIMIT,198.81,1148,,25,NEW,
26,MSFT,SELL,LIMIT,401.55,16,,26,NEW,
27,AMZN,BUY,LIMIT,198.78,1949,,27,NEW,
28,AAPL,BUY,LIMIT,255.56,15,,28,NEW,
29,SPY,SELL,LIMIT,682.01,114,,29,NEW,
30,GOOGL,SELL,LIMIT,305.74,100,,30,NEW,
31,SPY,BUY,LIMIT,681.85,61,,31,NEW,
32,META,SELL,LIMIT,639.39,85,,32,NEW,
33,AMZN,BUY,LIMIT,198.83,24,,33,NEW,
34,SPY,BUY,LIMIT,681.59,1950,,34,NEW,
35,TSLA,SELL,LIMIT,417.2,66,,35,NEW,
36,NVDA,SELL,LIMIT,183.11,1134,,36,NEW,
37,SPY,BUY,LIMIT,681.62,79,,37,NEW,
38,AAPL,BUY,LIMIT,255.57,114,,38,NEW,
39,NVDA,BUY,LIMIT,183.03,82,,39,NEW,
40,NVDA,SELL,LIMIT,183.1,25,,40,NEW,
41,MSFT,BUY,LIMIT,401.29,42,,41,NEW,
42,AMZN,BUY,LIMIT,198.78,3,,42,NEW,
43,MSFT,BUY,LIMIT,401.39,72,,43,NEW,
44,MSFT,BUY,LIMIT,401.32,3,,44,NEW,
45,TSLA,BUY,LIMIT,417.27,316,,45,NEW,
46,MSFT,BUY,LIMIT,401.13,118,,46,NEW,
47,MSFT,BUY,LIMIT,401.03,72,,47,NEW,
48,AAPL,BUY,LIMIT,255.52,120,,48,NEW,
49,NVDA,BUY,LIMIT,182.99,16,,49,NEW,
50,NVDA,BUY,LIMIT,183.06,51,,50,NEW,
51,AAPL,SELL,LIMIT,255.62,115,,51,NEW,
52,SPY,SELL,LIMIT,681.96,108,,52,NEW,
53,MSFT,BUY,LIMIT,400.98,104,,53,NEW,
54,NVDA,SELL,LIMIT,183.12,1284,,54,NEW,
55,AAPL,SELL,LIMIT,255.76,449,,55,NEW,
56,NVDA,BUY,LIMIT,183.14,88,,56,NEW,
57,NVDA,SELL,LIMIT,183.21,119,,57,NEW,
58,AAPL,SELL,LIMIT,255.78,100,,58,NEW,
59,MSFT,SELL,LIMIT,401.02,55,,59,NEW,
60,MSFT,SELL,LIMIT,401.01,111,,60,NEW,
61,NVDA,SELL,LIMIT,183.14,49,,61,NEW,
62,AAPL,SELL,LIMIT,255.73,97,,62,NEW,
63,NVDA,SELL,LIMIT,183.14,36,,63,NEW,
64,NVDA,SELL,LIMIT,183.13,82,,64,NEW,
65,NVDA,BUY,LIMIT,183.08,108,,65,NEW,
66,GOOGL,SELL,LIMIT,305.72,8,,66,NEW,
67,GOOGL,BUY,LIMIT,305.71,848,,67,NEW,
68,NVDA,BUY,LIMIT,183.14,93,,68,NEW,
69,TSLA,SELL,LIMIT,417.59,9,,69,NEW,
70,MSFT,BUY,LIMIT,400.88,26,,70,NEW,
71,AMZN,BUY,LIMIT,198.76,6,,71,NEW,
72,MSFT,SELL,LIMIT,401.16,535,,72,NEW,
73,AAPL,SELL,LIMIT,255.69,70,,73,NEW,
74,AMZN,SELL,LIMIT,198.84,5,,74,NEW,
75,GOOGL,SELL,LIMIT,305.72,17,,75,NEW,
76,META,SELL,LIMIT,639.3,45,,76,NEW,
77,SPY,BUY,LIMIT,681.56,56,,77,NEW,
78,SPY,BUY,LIMIT,681.41,14,,78,NEW,
79,AMZN,SELL,LIMIT,198.81,10,,79,NEW,
80,AAPL,SELL,LIMIT,255.73,120,,80,NEW,
81,SPY,BUY,LIMIT,681.39,8,,81,NEW,
82,TSLA,BUY,LIMIT,417.6,47,,82,NEW,
83,TSLA,BUY,LIMIT,417.62,97,,83,NEW,
84,TSLA,SELL,LIMIT,418.02,88,,84,NEW,
85,GOOGL,SELL,LIMIT,305.76,50,,85,NEW,
86,AMZN,SELL,LIMIT,198.79,33,,86,NEW,
87,AMZN,BUY,LIMIT,198.74,80,,87,NEW,
88,TSLA,BUY,LIMIT,418,793,,88,NEW,
89,TSLA,BUY,LIMIT,417.75,3,,89,NEW,
90,SPY,SELL,LIMIT,681.49,56,,90,NEW,
91,GOOGL,SELL,LIMIT,305.67,59,,91,NEW,
92,MSFT,BUY,LIMIT,401.11,4,,92,NEW,
93,NVDA,BUY,LIMIT,183.14,73,,93,NEW,
94,GOOGL,BUY,LIMIT,305.55,1962,,94,NEW,
95,NVDA,BUY,LIMIT,183.15,37,,95,NEW,
96,META,SELL,LIMIT,639.29,12,,96,NEW,
97,MSFT,BUY,LIMIT,401.13,5,,97,NEW,
98,META,SELL,LIMIT,639.52,1,,98,NEW,
99,META,SELL,LIMIT,639.11,108,,99,NEW,
100,SPY,BUY,LIMIT,681.19,24,,100,NEW,
101,SPY,BUY,LIMIT,681.08,41,,101,NEW,
102,NVDA,BUY,LIMIT,183.18,50,,102,NEW,
103,TSLA,SELL,LIMIT,417.67,51,,103,NEW,
104,GOOGL,BUY,LIMIT,305.59,17,,104,NEW,
105,AAPL,BUY,LIMIT,255.66,118,,105,NEW,
106,MSFT,SELL,LIMIT,401.42,236,,106,NEW,
107,SPY,BUY,LIMIT,681.09,70,,107,NEW,
108,SPY,SELL,LIMIT,681.3,90,,108,NEW,
109,MSFT,SELL,LIMIT,401.24,2,,109,NEW,
110,TSLA,SELL,LIMIT,417.81,117,,110,NEW,
111,MSFT,BUY,LIMIT,400.99,794,,111,NEW,
112,TSLA,SELL,LIMIT,417.76,70,,112,NEW,
113,GOOGL,BUY,LIMIT,305.56,24,,113,NEW,
114,TSLA,BUY,LIMIT,417.58,58,,114,NEW,
115,TSLA,BUY,LIMIT,417.52,13,,115,NEW,
116,AAPL,BUY,LIMIT,255.69,66,,116,NEW,
117,AMZN,SELL,LIMIT,198.8,108,,117,NEW,
118,GOOGL,BUY,LIMIT,305.6,52,,118,NEW,
119,SPY,SELL,LIMIT,681.27,42,,119,NEW,
120,NVDA,SELL,LIMIT,183.19,112,,120,NEW,
121,MSFT,SELL,LIMIT,401.06,51,,121,NEW,
122,MSFT,SELL,LIMIT,401.19,62,,122,NEW,
123,AAPL,BUY,LIMIT,255.65,382,,123,NEW,
124,SPY,BUY,LIMIT,681.03,94,,124,NEW,
125,AAPL,BUY,LIMIT,255.65,119,,125,NEW,
126,META,SELL,LIMIT,639.3,108,,126,NEW,
127,MSFT,SELL,LIMIT,401.24,35,,127,NEW,
128,AAPL,BUY,LIMIT,255.77,88,,128,NEW,
129,AAPL,SELL,LIMIT,255.86,73,,129,NEW,
130,MSFT,SELL,LIMIT,401.15,98,,130,NEW,
131,META,BUY,LIMIT,639.07,8,,131,NEW,
132,AMZN,BUY,LIMIT,198.71,35,,132,NEW,
133,TSLA,SELL,LIMIT,417.81,73,,133,NEW,
134,MSFT,SELL,LIMIT,401.22,59,,134,NEW,
135,TSLA,SELL,LIMIT,418.02,109,,135,NEW,
136,NVDA,BUY,LIMIT,183.03,65,,136,NEW,
137,NVDA,BUY,LIMIT,183.08,28,,137,NEW,
138,MSFT,SELL,LIMIT,401.18,111,,138,NEW,
139,MSFT,SELL,LIMIT,401.24,80,,139,NEW,
140,MSFT,BUY,LIMIT,401.07,20,,140,NEW,
141,MSFT,SELL,LIMIT,401.31,68,,141,NEW,
142,TSLA,SELL,LIMIT,418.19,767,,142,NEW,
143,AAPL,BUY,LIMIT,255.75,9,,143,NEW,
144,GOOGL,BUY,LIMIT,305.61,119,,144,NEW,
145,META,BUY,LIMIT,639.3,84,,145,NEW,
146,GOOGL,SELL,LIMIT,305.66,50,,146,NEW,
147,TSLA,SELL,LIMIT,418.15,98,,147,NEW,
148,AAPL,BUY,LIMIT,255.79,98,,148,NEW,
149,AAPL,BUY,LIMIT,255.84,83,,149,NEW,
150,SPY,BUY,LIMIT,680.97,81,,150,NEW,
151,TSLA,SELL,LIMIT,417.89,72,,151,NEW,
152,AAPL,SELL,LIMIT,255.92,65,,152,NEW,
153,META,BUY,LIMIT,639.2,1130,,153,NEW,
154,AAPL,SELL,LIMIT,255.93,1943,,154,NEW,
155,AAPL,SELL,LIMIT,255.9,78,,155,NEW,
156,META,BUY,LIMIT,639.11,35,,156,NEW,
157,AAPL,BUY,LIMIT,255.89,38,,157,NEW,
158,MSFT,SELL,LIMIT,401.43,69,,158,NEW,
159,AAPL,SELL,LIMIT,256.01,29,,159,NEW,
160,NVDA,SELL,LIMIT,183.25,32,,160,NEW,
161,TSLA,SELL,LIMIT,417.82,30,,161,NEW,
162,TSLA,SELL,LIMIT,417.92,22,,162,NEW,
163,AAPL,SELL,LIMIT,255.96,89,,163,NEW,
164,MSFT,SELL,LIMIT,401.4,35,,164,NEW,
165,AAPL,SELL,LIMIT,255.95,116,,165,NEW,
166,META,BUY,LIMIT,639.16,72,,166,NEW,
167,AAPL,SELL,LIMIT,255.93,80,,167,NEW,
168,NVDA,BUY,LIMIT,183.14,1082,,168,NEW,
169,AAPL,SELL,LIMIT,255.94,20,,169,NEW,
170,NVDA,BUY,LIMIT,183.09,105,,170,NEW,
171,AMZN,BUY,LIMIT,198.77,87,,171,NEW,
172,GOOGL,BUY,LIMIT,305.6,67,,172,NEW,
173,TSLA,BUY,LIMIT,417.9,96,,173,NEW,
174,MSFT,BUY,LIMIT,401.39,29,,174,NEW,
175,AAPL,BUY,LIMIT,255.92,883,,175,NEW,
176,NVDA,SELL,LIMIT,183.12,61,,176,NEW,
177,MSFT,BUY,LIMIT,401.3,97,,177,NEW,
178,META,BUY,LIMIT,639.2,1570,,178,NEW,
179,AMZN,SELL,LIMIT,198.86,117,,179,NEW,
180,SPY,BUY,LIMIT,681.01,24,,180,NEW,
181,TSLA,SELL,LIMIT,418.26,67,,181,NEW,
182,AAPL,SELL,LIMIT,256.01,116,,182,NEW,
183,AMZN,SELL,LIMIT,198.87,54,,183,NEW,
184,AMZN,SELL,LIMIT,198.93,53,,184,NEW,
185,MSFT,BUY,LIMIT,401.28,8,,185,NEW,
186,AMZN,SELL,LIMIT,198.98,1249,,186,NEW,
187,NVDA,SELL,LIMIT,183.05,31,,187,NEW,
188,AMZN,BUY,LIMIT,198.82,60,,188,NEW,
189,NVDA,BUY,LIMIT,182.97,8,,189,NEW,
190,NVDA,BUY,LIMIT,183.11,47,,190,NEW,
191,NVDA,BUY,LIMIT,183.06,22,,191,NEW,
192,TSLA,SELL,LIMIT,418.13,65,,192,NEW,
193,AAPL,BUY,LIMIT,255.94,31,,193,NEW,
194,TSLA,BUY,LIMIT,417.84,104,,194,NEW,
195,TSLA,SELL,LIMIT,417.96,117,,195,NEW,
196,NVDA,SELL,LIMIT,183.12,90,,196,NEW,
197,TSLA,SELL,LIMIT,417.71,9,,197,NEW,
198,META,SELL,LIMIT,639.02,4,,198,NEW,
199,GOOGL,SELL,LIMIT,305.73,45,,199,NEW,
200,AAPL,BUY,LIMIT,255.92,8,,200,NEW,
201,META,SELL,LIMIT,638.82,29,,201,NEW,
202,GOOGL,BUY,LIMIT,305.53,957,,202,NEW,
203,META,BUY,LIMIT,638.65,106,,203,NEW,
204,MSFT,SELL,LIMIT,401.57,97,,204,NEW,
205,AAPL,BUY,LIMIT,255.96,47,,205,NEW,
206,AAPL,SELL,LIMIT,256.01,1264,,206,NEW,
207,NVDA,SELL,LIMIT,183.23,88,,207,NEW,
208,MSFT,SELL,LIMIT,401.7,19,,208,NEW,
209,SPY,BUY,LIMIT,681,26,,209,NEW,
210,AAPL,BUY,LIMIT,255.86,59,,210,NEW,
211,TSLA,BUY,LIMIT,417.36,103,,211,NEW,
212,SPY,SELL,LIMIT,681.35,55,,212,NEW,
213,AAPL,SELL,LIMIT,255.99,103,,213,NEW,
214,GOOGL,SELL,LIMIT,305.65,77,,214,NEW,
215,SPY,BUY,LIMIT,681.05,53,,215,NEW,
216,META,SELL,LIMIT,638.92,1165,,216,NEW,
217,SPY,SELL,LIMIT,681.37,85,,217,NEW,
218,AAPL,SELL,LIMIT,256.01,34,,218,NEW,
219,GOOGL,BUY,LIMIT,305.66,1561,,219,NEW,
220,GOOGL,SELL,LIMIT,305.72,1885,,220,NEW,
221,NVDA,SELL,LIMIT,183.25,81,,221,NEW,
222,SPY,SELL,LIMIT,681.33,117,,222,NEW,
223,GOOGL,BUY,LIMIT,305.55,1,,223,NEW,
224,AMZN,BUY,LIMIT,198.78,110,,224,NEW,
225,NVDA,SELL,LIMIT,183.14,61,,225,NEW,
226,AAPL,BUY,LIMIT,255.87,1082,,226,NEW,
227,SPY,SELL,LIMIT,681.57,21,,227,NEW,
228,NVDA,SELL,LIMIT,183.23,9,,228,NEW,
229,MSFT,SELL,LIMIT,401.76,89,,229,NEW,
230,AMZN,BUY,LIMIT,198.74,12,,230,NEW,
231,META,SELL,LIMIT,638.89,1,,231,NEW,
232,SPY,SELL,LIMIT,681.35,1110,,232,NEW,
233,NVDA,BUY,LIMIT,183.1,94,,233,NEW,
234,NVDA,SELL,LIMIT,183.07,49,,234,NEW,
235,AMZN,BUY,LIMIT,198.71,69,,235,NEW,
236,TSLA,BUY,LIMIT,417.44,75,,236,NEW,
237,AAPL,SELL,LIMIT,256.07,116,,237,NEW,
238,AAPL,BUY,LIMIT,256.05,43,,238,NEW,
239,AAPL,BUY,LIMIT,256.08,92,,239,NEW,
240,MSFT,SELL,LIMIT,401.72,34,,240,NEW,
241,AAPL,SELL,LIMIT,256.19,51,,241,NEW,
242,AAPL,SELL,LIMIT,256.05,9,,242,NEW,
243,META,SELL,LIMIT,638.92,53,,243,NEW,
244,TSLA,BUY,LIMIT,417.38,1069,,244,NEW,
245,GOOGL,BUY,LIMIT,305.45,14,,245,NEW,
246,AAPL,SELL,LIMIT,256.04,29,,246,NEW,
247,MSFT,BUY,LIMIT,401.63,66,,247,NEW,
248,AAPL,BUY,LIMIT,255.91,86,,248,NEW,
249,AMZN,BUY,LIMIT,198.64,492,,249,NEW,
250,META,BUY,LIMIT,638.35,36,,250,NEW,
251,NVDA,SELL,LIMIT,183.13,25,,251,NEW,
252,GOOGL,BUY,LIMIT,305.45,22,,252,NEW,
253,MSFT,SELL,LIMIT,401.63,10,,253,NEW,
254,GOOGL,BUY,LIMIT,305.46,62,,254,NEW,
255,GOOGL,SELL,LIMIT,305.64,74,,255,NEW,
256,MSFT,BUY,LIMIT,401.32,9,,256,NEW,
257,SPY,BUY,LIMIT,681.01,12,,257,NEW,
258,AAPL,SELL,LIMIT,255.94,98,,258,NEW,
259,GOOGL,SELL,LIMIT,305.57,23,,259,NEW,
260,AMZN,SELL,LIMIT,198.68,1429,,260,NEW,
261,SPY,SELL,LIMIT,681.34,1021,,261,NEW,
262,SPY,SELL,LIMIT,681.3,86,,262,NEW,
263,AMZN,BUY,LIMIT,198.59,83,,263,NEW,
264,SPY,BUY,LIMIT,681.11,114,,264,NEW,
265,SPY,SELL,LIMIT,681.36,40,,265,NEW,
266,AMZN,BUY,LIMIT,198.67,89,,266,NEW,
267,NVDA,SELL,LIMIT,183.05,113,,267,NEW,
268,AMZN,SELL,LIMIT,198.74,985,,268,NEW,
269,TSLA,BUY,LIMIT,417.19,78,,269,NEW,
270,AAPL,SELL,LIMIT,255.91,1015,,270,NEW,
271,GOOGL,SELL,LIMIT,305.5,43,,271,NEW,
272,AAPL,SELL,LIMIT,255.78,55,,272,NEW,
273,AMZN,BUY,LIMIT,198.72,99,,273,NEW,
274,META,BUY,LIMIT,638.47,1762,,274,NEW,
275,AAPL,SELL,LIMIT,255.72,51,,275,NEW,
276,NVDA,SELL,LIMIT,183.1,24,,276,NEW,
277,AMZN,BUY,LIMIT,198.7,102,,277,NEW,
278,MSFT,BUY,LIMIT,401.4,77,,278,NEW,
279,AMZN,BUY,LIMIT,198.73,97,,279,NEW,
280,AAPL,SELL,LIMIT,255.65,89,,280,NEW,
281,NVDA,SELL,LIMIT,183.07,47,,281,NEW,
282,AMZN,SELL,LIMIT,198.79,838,,282,NEW,
283,SPY,SELL,LIMIT,681.28,72,,283,NEW,
284,NVDA,SELL,LIMIT,183,105,,284,NEW,
285,META,BUY,LIMIT,638.43,37,,285,NEW,
286,GOOGL,SELL,LIMIT,305.38,17,,286,NEW,
287,AAPL,SELL,LIMIT,255.57,75,,287,NEW,
288,MSFT,SELL,LIMIT,401.68,97,,288,NEW,
289,MSFT,SELL,LIMIT,401.76,1937,,289,NEW,
290,GOOGL,BUY,LIMIT,305.25,3,,290,NEW,
291,META,SELL,LIMIT,638.67,59,,291,NEW,
292,GOOGL,SELL,LIMIT,305.3,43,,292,NEW,
293,MSFT,BUY,LIMIT,401.75,52,,293,NEW,
294,TSLA,SELL,LIMIT,417.15,57,,294,NEW,
295,TSLA,BUY,LIMIT,416.98,927,,295,NEW,
296,MSFT,BUY,LIMIT,401.63,423,,296,NEW,
297,SPY,BUY,LIMIT,680.99,107,,297,NEW,
298,SPY,BUY,LIMIT,681.02,1085,,298,NEW,
299,META,SELL,LIMIT,638.94,1268,,299,NEW,
300,SPY,BUY,LIMIT,680.94,85,,300,NEW,
301,AMZN,SELL,LIMIT,198.76,55,,301,NEW,
302,TSLA,BUY,LIMIT,417.11,17,,302,NEW,
303,AMZN,BUY,LIMIT,198.69,10,,303,NEW,
304,GOOGL,BUY,LIMIT,305.17,94,,304,NEW,
305,AAPL,BUY,LIMIT,255.63,35,,305,NEW,
306,AMZN,SELL,LIMIT,198.79,120,,306,NEW,
307,GOOGL,BUY,LIMIT,305.16,40,,307,NEW,
308,NVDA,BUY,LIMIT,182.95,1479,,308,NEW,
309,AAPL,BUY,LIMIT,255.53,38,,309,NEW,
310,META,BUY,LIMIT,638.68,80,,310,NEW,
311,SPY,SELL,LIMIT,681.07,105,,311,NEW,
312,AAPL,SELL,LIMIT,255.63,108,,312,NEW,
313,AAPL,SELL,LIMIT,255.61,37,,313,NEW,
314,AMZN,BUY,LIMIT,198.71,11,,314,NEW,
315,NVDA,SELL,LIMIT,183.1,51,,315,NEW,
316,MSFT,SELL,LIMIT,401.73,100,,316,NEW,
317,TSLA,BUY,LIMIT,417.48,60,,317,NEW,
318,NVDA,BUY,LIMIT,182.98,26,,318,NEW,
319,NVDA,SELL,LIMIT,182.94,38,,319,NEW,
320,TSLA,BUY,LIMIT,417.89,32,,320,NEW,
321,TSLA,BUY,LIMIT,417.89,89,,321,NEW,
322,META,SELL,LIMIT,638.77,78,,322,NEW,
323,TSLA,SELL,LIMIT,418.17,49,,323,NEW,
324,META,BUY,LIMIT,638.63,39,,324,NEW,
325,GOOGL,SELL,LIMIT,305.36,34,,325,NEW,
326,TSLA,BUY,LIMIT,417.81,80,,326,NEW,
327,TSLA,SELL,LIMIT,418,60,,327,NEW,
328,AAPL,SELL,LIMIT,255.55,37,,328,NEW,
329,NVDA,BUY,LIMIT,182.95,499,,329,NEW,
330,META,SELL,LIMIT,639.02,69,,330,NEW,
331,AMZN,SELL,LIMIT,198.77,13,,331,NEW,
332,META,BUY,LIMIT,638.77,30,,332,NEW,
333,GOOGL,SELL,LIMIT,305.33,54,,333,NEW,
334,META,BUY,LIMIT,638.98,22,,334,NEW,
335,MSFT,SELL,LIMIT,401.82,91,,335,NEW,
336,AMZN,BUY,LIMIT,198.65,110,,336,NEW,
337,AAPL,BUY,LIMIT,255.46,46,,337,NEW,
338,AAPL,SELL,LIMIT,255.46,1511,,338,NEW,
339,NVDA,SELL,LIMIT,182.98,55,,339,NEW,
340,MSFT,BUY,LIMIT,401.76,7,,340,NEW,
341,TSLA,SELL,LIMIT,417.94,27,,341,NEW,
342,GOOGL,BUY,LIMIT,305.16,83,,342,NEW,
343,META,SELL,LIMIT,639.11,47,,343,NEW,
344,TSLA,SELL,LIMIT,418.15,19,,344,NEW,
345,NVDA,SELL,LIMIT,183,90,,345,NEW,
346,NVDA,BUY,LIMIT,182.87,1507,,346,NEW,
347,TSLA,BUY,LIMIT,417.94,72,,347,NEW,
348,MSFT,SELL,LIMIT,401.93,55,,348,NEW,
349,NVDA,SELL,LIMIT,182.93,52,,349,NEW,
350,SPY,SELL,LIMIT,681.05,52,,350,NEW,
351,MSFT,SELL,LIMIT,402.21,33,,351,NEW,
352,AAPL,SELL,LIMIT,255.51,833,,352,NEW,
353,MSFT,SELL,LIMIT,402.33,48,,353,NEW,
354,TSLA,SELL,LIMIT,418.04,92,,354,NEW,
355,META,BUY,LIMIT,638.93,37,,355,NEW,
356,GOOGL,BUY,LIMIT,305.22,112,,356,NEW,
357,META,SELL,LIMIT,639.13,6,,357,NEW,
358,AAPL,SELL,LIMIT,255.52,109,,358,NEW,
359,SPY,BUY,LIMIT,680.72,101,,359,NEW,
360,NVDA,BUY,LIMIT,182.99,46,,360,NEW,
361,TSLA,BUY,LIMIT,417.82,115,,361,NEW,
362,AAPL,BUY,LIMIT,255.37,103,,362,NEW,
363,MSFT,SELL,LIMIT,402.42,47,,363,NEW,
364,MSFT,BUY,LIMIT,402.32,31,,364,NEW,
365,NVDA,SELL,LIMIT,182.92,72,,365,NEW,
366,META,BUY,LIMIT,638.92,56,,366,NEW,
367,SPY,SELL,LIMIT,680.84,3,,367,NEW,
368,AMZN,SELL,LIMIT,198.72,799,,368,NEW,
369,META,SELL,LIMIT,639.06,66,,369,NEW,
370,META,BUY,LIMIT,638.99,1409,,370,NEW,
371,TSLA,SELL,LIMIT,417.92,842,,371,NEW,
372,AAPL,BUY,LIMIT,255.37,104,,372,NEW,
373,GOOGL,BUY,LIMIT,305.32,114,,373,NEW,
374,META,SELL,LIMIT,638.82,19,,374,NEW,
375,SPY,SELL,LIMIT,680.71,19,,375,NEW,
376,MSFT,BUY,LIMIT,402.15,593,,376,NEW,
377,AAPL,SELL,LIMIT,255.5,70,,377,NEW,
378,MSFT,SELL,LIMIT,402.44,86,,378,NEW,
379,TSLA,BUY,LIMIT,417.76,27,,379,NEW,
380,GOOGL,SELL,LIMIT,305.32,62,,380,NEW,
381,TSLA,BUY,LIMIT,417.68,1604,,381,NEW,
382,AMZN,BUY,LIMIT,198.63,26,,382,NEW,
383,SPY,SELL,LIMIT,680.75,97,,383,NEW,
384,META,BUY,LIMIT,638.36,29,,384,NEW,
385,AAPL,BUY,LIMIT,255.5,21,,385,NEW,
386,SPY,SELL,LIMIT,680.78,117,,386,NEW,
387,GOOGL,BUY,LIMIT,305.26,22,,387,NEW,
388,MSFT,SELL,LIMIT,402.57,1460,,388,NEW,
389,META,BUY,LIMIT,638.25,31,,389,NEW,
390,GOOGL,SELL,LIMIT,305.43,76,,390,NEW,
391,MSFT,BUY,LIMIT,402.55,24,,391,NEW,
392,AAPL,BUY,LIMIT,255.48,9,,392,NEW,
393,AMZN,BUY,LIMIT,198.67,9,,393,NEW,
394,GOOGL,BUY,LIMIT,305.36,1804,,394,NEW,
395,AAPL,BUY,LIMIT,255.55,54,,395,NEW,
396,SPY,SELL,LIMIT,680.7,35,,396,NEW,
397,MSFT,BUY,LIMIT,402.71,93,,397,NEW,
398,AMZN,SELL,LIMIT,198.69,97,,398,NEW,
399,NVDA,BUY,LIMIT,182.77,51,,399,NEW,
400,NVDA,BUY,LIMIT,182.82,39,,400,NEW,
401,META,BUY,LIMIT,638.23,81,,401,NEW,
402,SPY,BUY,LIMIT,680.35,1351,,402,NEW,
403,TSLA,SELL,LIMIT,418.11,28,,403,NEW,
404,TSLA,BUY,LIMIT,418.27,77,,404,NEW,
405,TSLA,SELL,LIMIT,418.53,931,,405,NEW,
406,AAPL,SELL,LIMIT,255.69,30,,406,NEW,
407,GOOGL,BUY,LIMIT,305.35,113,,407,NEW,
408,TSLA,BUY,LIMIT,418.64,43,,408,NEW,
409,TSLA,BUY,LIMIT,418.44,55,,409,NEW,
410,GOOGL,SELL,LIMIT,305.42,76,,410,NEW,
411,MSFT,BUY,LIMIT,402.74,493,,411,NEW,
412,AAPL,SELL,LIMIT,255.7,82,,412,NEW,
413,AAPL,BUY,LIMIT,255.54,65,,413,NEW,
414,AAPL,SELL,LIMIT,255.59,62,,414,NEW,
415,SPY,SELL,LIMIT,680.61,30,,415,NEW,
416,META,SELL,LIMIT,638.55,83,,416,NEW,
417,TSLA,SELL,LIMIT,419.04,71,,417,NEW,
418,AMZN,BUY,LIMIT,198.62,10,,418,NEW,
419,AMZN,BUY,LIMIT,198.54,3,,419,NEW,
420,NVDA,SELL,LIMIT,182.93,109,,420,NEW,
421,AAPL,SELL,LIMIT,255.7,92,,421,NEW,
422,META,BUY,LIMIT,638.2,85,,422,NEW,
423,AMZN,SELL,LIMIT,198.6,78,,423,NEW,
424,AMZN,SELL,LIMIT,198.62,42,,424,NEW,
425,MSFT,SELL,LIMIT,402.95,1296,,425,NEW,
426,MSFT,SELL,LIMIT,402.87,50,,426,NEW,
427,GOOGL,SELL,LIMIT,305.41,92,,427,NEW,
428,SPY,SELL,LIMIT,680.78,2,,428,NEW,
429,GOOGL,BUY,LIMIT,305.35,69,,429,NEW,
430,TSLA,SELL,LIMIT,419,1414,,430,NEW,
431,TSLA,BUY,LIMIT,418.97,55,,431,NEW,
432,MSFT,BUY,LIMIT,402.73,64,,432,NEW,
433,NVDA,BUY,LIMIT,182.86,1,,433,NEW,
434,AAPL,SELL,LIMIT,255.7,55,,434,NEW,
435,MSFT,BUY,LIMIT,402.65,35,,435,NEW,
436,TSLA,SELL,LIMIT,419.18,67,,436,NEW,
437,MSFT,BUY,LIMIT,402.62,1424,,437,NEW,
438,NVDA,BUY,LIMIT,182.88,236,,438,NEW,
439,SPY,BUY,LIMIT,680.53,40,,439,NEW,
440,MSFT,SELL,LIMIT,402.95,544,,440,NEW,
441,MSFT,BUY,LIMIT,402.72,88,,441,NEW,
442,TSLA,SELL,LIMIT,419.08,35,,442,NEW,
443,SPY,BUY,LIMIT,680.69,16,,443,NEW,
444,AAPL,BUY,LIMIT,255.56,54,,444,NEW,
445,MSFT,BUY,LIMIT,402.9,1630,,445,NEW,
446,SPY,SELL,LIMIT,680.75,96,,446,NEW,
447,NVDA,BUY,LIMIT,182.88,28,,447,NEW,
448,GOOGL,BUY,LIMIT,305.37,116,,448,NEW,
449,SPY,SELL,LIMIT,680.67,73,,449,NEW,
450,MSFT,BUY,LIMIT,402.84,902,,450,NEW,
451,MSFT,SELL,LIMIT,402.97,34,,451,NEW,
452,SPY,SELL,LIMIT,680.51,117,,452,NEW,
453,NVDA,BUY,LIMIT,182.92,4,,453,NEW,
454,AAPL,SELL,LIMIT,255.67,120,,454,NEW,
455,NVDA,BUY,LIMIT,182.86,103,,455,NEW,
456,NVDA,BUY,LIMIT,182.82,44,,456,NEW,
457,AAPL,SELL,LIMIT,255.68,93,,457,NEW,
458,TSLA,SELL,LIMIT,418.99,92,,458,NEW,
459,TSLA,BUY,LIMIT,418.77,24,,459,NEW,
460,AAPL,SELL,LIMIT,255.65,632,,460,NEW,
461,AAPL,BUY,LIMIT,255.6,105,,461,NEW,
462,GOOGL,SELL,LIMIT,305.37,53,,462,NEW,
463,AAPL,BUY,LIMIT,255.64,108,,463,NEW,
464,MSFT,SELL,LIMIT,402.96,18,,464,NEW,
465,AMZN,BUY,LIMIT,198.52,1807,,465,NEW,
466,AAPL,BUY,LIMIT,255.65,1,,466,NEW,
467,TSLA,BUY,LIMIT,418.85,26,,467,NEW,
468,AAPL,BUY,LIMIT,255.67,6,,468,NEW,
469,MSFT,BUY,LIMIT,402.94,29,,469,NEW,
470,MSFT,SELL,LIMIT,403.09,6,,470,NEW,
471,META,SELL,LIMIT,638.35,1,,471,NEW,
472,AAPL,BUY,LIMIT,255.61,1,,472,NEW,
473,GOOGL,BUY,LIMIT,305.28,53,,473,NEW,
474,GOOGL,SELL,LIMIT,305.37,5,,474,NEW,
475,AMZN,SELL,LIMIT,198.53,91,,475,NEW,
476,TSLA,BUY,LIMIT,418.94,106,,476,NEW,
477,META,SELL,LIMIT,638.32,103,,477,NEW,
478,AAPL,BUY,LIMIT,255.53,82,,478,NEW,
479,NVDA,BUY,LIMIT,182.81,116,,479,NEW,
480,SPY,SELL,LIMIT,680.45,77,,480,NEW,
481,AAPL,SELL,LIMIT,255.69,18,,481,NEW,
482,AMZN,SELL,LIMIT,198.5,29,,482,NEW,
483,AAPL,BUY,LIMIT,255.61,44,,483,NEW,
484,META,SELL,LIMIT,638.58,42,,484,NEW,
485,AMZN,SELL,LIMIT,198.53,103,,485,NEW,
486,SPY,SELL,LIMIT,680.59,22,,486,NEW,
487,NVDA,SELL,LIMIT,182.94,81,,487,NEW,
488,MSFT,SELL,LIMIT,403.17,112,,488,NEW,
489,AMZN,SELL,LIMIT,198.52,36,,489,NEW,
490,TSLA,BUY,LIMIT,418.89,117,,490,NEW,
491,AAPL,BUY,LIMIT,255.57,95,,491,NEW,
492,GOOGL,SELL,LIMIT,305.44,70,,492,NEW,
493,NVDA,SELL,LIMIT,182.97,27,,493,NEW,
494,SPY,BUY,LIMIT,680.24,31,,494,NEW,
495,AMZN,BUY,LIMIT,198.47,81,,495,NEW,
496,TSLA,BUY,LIMIT,419.08,113,,496,NEW,
497,MSFT,SELL,LIMIT,403.06,48,,497,NEW,
498,GOOGL,SELL,LIMIT,305.44,33,,498,NEW,
499,AAPL,BUY,LIMIT,255.56,1314,,499,NEW,
500,GOOGL,SELL,LIMIT,305.38,93,,500,NEW,
501,META,BUY,LIMIT,638.69,1267,,501,NEW,
502,AMZN,SELL,LIMIT,198.57,63,,502,NEW,
503,AAPL,BUY,LIMIT,255.54,98,,503,NEW,
504,TSLA,SELL,LIMIT,419.56,29,,504,NEW,
505,NVDA,BUY,LIMIT,182.93,46,,505,NEW,
506,GOOGL,BUY,LIMIT,305.23,22,,506,NEW,
507,META,SELL,LIMIT,638.68,44,,507,NEW,
508,MSFT,BUY,LIMIT,403.01,105,,508,NEW,
509,GOOGL,BUY,LIMIT,305.28,14,,509,NEW,
510,MSFT,SELL,LIMIT,403.06,86,,510,NEW,
511,AMZN,SELL,LIMIT,198.54,34,,511,NEW,
512,NVDA,BUY,LIMIT,182.92,71,,512,NEW,
513,AMZN,BUY,LIMIT,198.56,46,,513,NEW,
514,META,BUY,LIMIT,638.21,11,,514,NEW,
515,GOOGL,BUY,LIMIT,305.23,21,,515,NEW,
516,MSFT,BUY,LIMIT,403.05,564,,516,NEW,
517,NVDA,SELL,LIMIT,183.02,902,,517,NEW,
518,GOOGL,SELL,LIMIT,305.39,14,,518,NEW,
519,MSFT,BUY,LIMIT,403.14,1449,,519,NEW,
520,NVDA,SELL,LIMIT,183.11,23,,520,NEW,
521,NVDA,BUY,LIMIT,183.14,6,,521,NEW,
522,NVDA,BUY,LIMIT,183.18,72,,522,NEW,
523,MSFT,BUY,LIMIT,403.06,707,,523,NEW,
524,TSLA,SELL,LIMIT,419.6,107,,524,NEW,
525,GOOGL,SELL,LIMIT,305.4,1809,,525,NEW,
526,META,BUY,LIMIT,638.28,100,,526,NEW,
527,GOOGL,BUY,LIMIT,305.22,50,,527,NEW,
528,TSLA,BUY,LIMIT,419.43,115,,528,NEW,
529,AAPL,BUY,LIMIT,255.47,25,,529,NEW,
530,AAPL,SELL,LIMIT,255.47,30,,530,NEW,
531,AMZN,SELL,LIMIT,198.59,44,,531,NEW,
532,GOOGL,BUY,LIMIT,305.34,75,,532,NEW,
533,GOOGL,SELL,LIMIT,305.51,1933,,533,NEW,
534,SPY,BUY,LIMIT,680.29,109,,534,NEW,
535,AAPL,SELL,LIMIT,255.39,10,,535,NEW,
536,META,SELL,LIMIT,638.91,48,,536,NEW,
537,GOOGL,SELL,LIMIT,305.38,98,,537,NEW,
538,AMZN,BUY,LIMIT,198.44,37,,538,NEW,
539,AAPL,SELL,LIMIT,255.47,1295,,539,NEW,
540,MSFT,BUY,LIMIT,403.08,41,,540,NEW,
541,NVDA,BUY,LIMIT,183.13,35,,541,NEW,
542,META,SELL,LIMIT,638.87,14,,542,NEW,
543,META,SELL,LIMIT,638.85,85,,543,NEW,
544,AMZN,SELL,LIMIT,198.54,75,,544,NEW,
545,META,BUY,LIMIT,638.25,46,,545,NEW,
546,TSLA,SELL,LIMIT,419.41,98,,546,NEW,
547,AAPL,SELL,LIMIT,255.53,58,,547,NEW,
548,SPY,SELL,LIMIT,680.74,97,,548,NEW,
549,AMZN,BUY,LIMIT,198.4,108,,549,NEW,
550,SPY,BUY,LIMIT,680.49,44,,550,NEW,
551,SPY,BUY,LIMIT,680.48,50,,551,NEW,
552,SPY,SELL,LIMIT,680.64,5,,552,NEW,
553,AMZN,SELL,LIMIT,198.44,72,,553,NEW,
554,META,SELL,LIMIT,638.38,68,,554,NEW,
555,GOOGL,SELL,LIMIT,305.42,52,,555,NEW,
556,TSLA,SELL,LIMIT,419.62,778,,556,NEW,
557,AAPL,BUY,LIMIT,255.37,28,,557,NEW,
558,GOOGL,SELL,LIMIT,305.39,47,,558,NEW,
559,TSLA,BUY,LIMIT,419.52,116,,559,NEW,
560,TSLA,SELL,LIMIT,420.09,1589,,560,NEW,
561,AAPL,BUY,LIMIT,255.43,1289,,561,NEW,
562,MSFT,BUY,LIMIT,403.02,691,,562,NEW,
563,AAPL,BUY,LIMIT,255.44,78,,563,NEW,
564,SPY,BUY,LIMIT,680.47,59,,564,NEW,
565,MSFT,BUY,LIMIT,403.02,6,,565,NEW,
566,META,BUY,LIMIT,638.38,34,,566,NEW,
567,META,SELL,LIMIT,638.48,71,,567,NEW,
568,AAPL,BUY,LIMIT,255.51,112,,568,NEW,
569,TSLA,SELL,LIMIT,420.29,48,,569,NEW,
570,MSFT,SELL,LIMIT,402.99,37,,570,NEW,
571,NVDA,BUY,LIMIT,183.2,91,,571,NEW,
572,MSFT,SELL,LIMIT,403.08,10,,572,NEW,
573,SPY,BUY,LIMIT,680.55,44,,573,NEW,
574,NVDA,SELL,LIMIT,183.21,65,,574,NEW,
575,NVDA,BUY,LIMIT,183.16,116,,575,NEW,
576,GOOGL,BUY,LIMIT,305.37,18,,576,NEW,
577,AAPL,BUY,LIMIT,255.35,66,,577,NEW,
578,SPY,BUY,LIMIT,680.52,59,,578,NEW,
579,TSLA,SELL,LIMIT,420.28,61,,579,NEW,
580,MSFT,BUY,LIMIT,402.84,82,,580,NEW,
581,TSLA,BUY,LIMIT,420.09,57,,581,NEW,
582,GOOGL,SELL,LIMIT,305.59,92,,582,NEW,
583,GOOGL,BUY,LIMIT,305.53,8,,583,NEW,
584,META,BUY,LIMIT,638.03,38,,584,NEW,
585,GOOGL,BUY,LIMIT,305.58,90,,585,NEW,
586,AMZN,BUY,LIMIT,198.43,105,,586,NEW,
587,NVDA,BUY,LIMIT,183.15,56,,587,NEW,
588,GOOGL,SELL,LIMIT,305.71,25,,588,NEW,
589,AAPL,SELL,LIMIT,255.44,80,,589,NEW,
590,AMZN,SELL,LIMIT,198.42,47,,590,NEW,
591,TSLA,BUY,LIMIT,420.22,48,,591,NEW,
592,SPY,BUY,LIMIT,680.69,53,,592,NEW,
593,AAPL,BUY,LIMIT,255.36,112,,593,NEW,
594,AAPL,BUY,LIMIT,255.45,95,,594,NEW,
595,AAPL,SELL,LIMIT,255.45,54,,595,NEW,
596,AAPL,BUY,LIMIT,255.39,111,,596,NEW,
597,TSLA,SELL,LIMIT,420.56,34,,597,NEW,
598,AAPL,BUY,LIMIT,255.45,92,,598,NEW,
599,AAPL,BUY,LIMIT,255.5,30,,599,NEW,
600,AAPL,SELL,LIMIT,255.52,107,,600,NEW,
601,AAPL,BUY,LIMIT,255.45,15,,601,NEW,
602,AMZN,SELL,LIMIT,198.39,64,,602,NEW,
603,MSFT,SELL,LIMIT,402.93,447,,603,NEW,
604,AMZN,BUY,LIMIT,198.34,115,,604,NEW,
605,SPY,BUY,LIMIT,680.77,98,,605,NEW,
606,AMZN,SELL,LIMIT,198.39,111,,606,NEW,
607,AAPL,BUY,LIMIT,255.39,87,,607,NEW,
608,TSLA,BUY,LIMIT,420.24,91,,608,NEW,
609,MSFT,BUY,LIMIT,402.67,55,,609,NEW,
610,GOOGL,BUY,LIMIT,305.54,17,,610,NEW,
611,GOOGL,BUY,LIMIT,305.58,13,,611,NEW,
612,MSFT,SELL,LIMIT,402.59,13,,612,NEW,
613,MSFT,SELL,LIMIT,402.48,56,,613,NEW,
614,NVDA,BUY,LIMIT,183.1,48,,614,NEW,
615,AAPL,BUY,LIMIT,255.39,5,,615,NEW,
616,AAPL,BUY,LIMIT,255.26,57,,616,NEW,
617,AAPL,SELL,LIMIT,255.32,75,,617,NEW,
618,MSFT,SELL,LIMIT,402.5,101,,618,NEW,
619,AAPL,SELL,LIMIT,255.38,37,,619,NEW,
620,MSFT,BUY,LIMIT,402.41,18,,620,NEW,
621,META,BUY,LIMIT,638.08,57,,621,NEW,
622,NVDA,BUY,LIMIT,183.12,42,,622,NEW,
623,META,BUY,LIMIT,638.38,19,,623,NEW,
624,AAPL,BUY,LIMIT,255.23,1968,,624,NEW,
625,SPY,BUY,LIMIT,680.82,32,,625,NEW,
626,TSLA,BUY,LIMIT,419.97,24,,626,NEW,
627,MSFT,SELL,LIMIT,402.56,58,,627,NEW,
628,MSFT,SELL,LIMIT,402.56,112,,628,NEW,
629,TSLA,BUY,LIMIT,419.93,1277,,629,NEW,
630,AMZN,SELL,LIMIT,198.35,72,,630,NEW,
631,GOOGL,BUY,LIMIT,305.48,107,,631,NEW,
632,MSFT,SELL,LIMIT,402.52,1618,,632,NEW,
633,AAPL,SELL,LIMIT,255.4,31,,633,NEW,
634,NVDA,BUY,LIMIT,183.18,120,,634,NEW,
635,GOOGL,SELL,LIMIT,305.56,86,,635,NEW,
636,TSLA,SELL,LIMIT,419.94,60,,636,NEW,
637,AAPL,BUY,LIMIT,255.35,1443,,637,NEW,
638,META,BUY,LIMIT,638.15,47,,638,NEW,
639,MSFT,SELL,LIMIT,402.56,97,,639,NEW,
640,AMZN,BUY,LIMIT,198.32,357,,640,NEW,
641,AAPL,SELL,LIMIT,255.4,60,,641,NEW,
642,NVDA,BUY,LIMIT,183.11,1104,,642,NEW,
643,GOOGL,BUY,LIMIT,305.53,15,,643,NEW,
644,TSLA,SELL,LIMIT,420.01,41,,644,NEW,
645,NVDA,SELL,LIMIT,183.23,8,,645,NEW,
646,MSFT,SELL,LIMIT,402.54,80,,646,NEW,
647,NVDA,BUY,LIMIT,183.16,3,,647,NEW,
648,SPY,SELL,LIMIT,681.03,116,,648,NEW,
649,META,SELL,LIMIT,638.46,8,,649,NEW,
650,AAPL,BUY,LIMIT,255.34,90,,650,NEW,
651,AAPL,SELL,LIMIT,255.33,27,,651,NEW,
652,GOOGL,SELL,LIMIT,305.6,95,,652,NEW,
653,TSLA,SELL,LIMIT,420.13,59,,653,NEW,
654,GOOGL,SELL,LIMIT,305.69,12,,654,NEW,
655,SPY,SELL,LIMIT,681.06,1715,,655,NEW,
656,AAPL,SELL,LIMIT,255.29,64,,656,NEW,
657,SPY,SELL,LIMIT,681.05,101,,657,NEW,
658,AAPL,BUY,LIMIT,255.26,54,,658,NEW,
659,AMZN,SELL,LIMIT,198.31,87,,659,NEW,
660,TSLA,BUY,LIMIT,420,1887,,660,NEW,
661,AMZN,SELL,LIMIT,198.3,57,,661,NEW,
662,SPY,SELL,LIMIT,681.04,22,,662,NEW,
663,TSLA,SELL,LIMIT,419.97,92,,663,NEW,
664,TSLA,BUY,LIMIT,420.01,59,,664,NEW,
665,META,BUY,LIMIT,638.69,72,,665,NEW,
666,GOOGL,SELL,LIMIT,305.7,79,,666,NEW,
667,META,SELL,LIMIT,638.88,4,,667,NEW,
668,MSFT,BUY,LIMIT,402.47,65,,668,NEW,
669,SPY,BUY,LIMIT,680.78,29,,669,NEW,
670,TSLA,BUY,LIMIT,419.81,76,,670,NEW,
671,AAPL,BUY,LIMIT,255.24,806,,671,NEW,
672,SPY,SELL,LIMIT,681.18,6,,672,NEW,
673,NVDA,BUY,LIMIT,183.2,30,,673,NEW,
674,META,SELL,LIMIT,639.2,28,,674,NEW,
675,MSFT,SELL,LIMIT,402.51,43,,675,NEW,
676,SPY,BUY,LIMIT,680.77,2,,676,NEW,
677,NVDA,SELL,LIMIT,183.34,58,,677,NEW,
678,SPY,BUY,LIMIT,680.7,99,,678,NEW,
679,AAPL,SELL,LIMIT,255.3,85,,679,NEW,
680,AAPL,BUY,LIMIT,255.24,105,,680,NEW,
681,META,SELL,LIMIT,639.22,64,,681,NEW,
682,AAPL,BUY,LIMIT,255.25,100,,682,NEW,
683,TSLA,BUY,LIMIT,419.91,21,,683,NEW,
684,META,BUY,LIMIT,639.01,25,,684,NEW,
685,GOOGL,SELL,LIMIT,305.68,119,,685,NEW,
686,AMZN,BUY,LIMIT,198.21,118,,686,NEW,
687,TSLA,SELL,LIMIT,420.07,13,,687,NEW,
688,TSLA,SELL,LIMIT,420.01,18,,688,NEW,
689,AMZN,BUY,LIMIT,198.22,49,,689,NEW,
690,AAPL,BUY,LIMIT,255.22,71,,690,NEW,
691,TSLA,SELL,LIMIT,420.32,102,,691,NEW,
692,AAPL,SELL,LIMIT,255.35,77,,692,NEW,
693,AAPL,BUY,LIMIT,255.3,66,,693,NEW,
694,GOOGL,SELL,LIMIT,305.76,110,,694,NEW,
695,SPY,SELL,LIMIT,680.98,1078,,695,NEW,
696,AAPL,SELL,LIMIT,255.4,25,,696,NEW,
697,META,BUY,LIMIT,639.41,22,,697,NEW,
698,TSLA,BUY,LIMIT,420.06,26,,698,NEW,
699,TSLA,BUY,LIMIT,419.82,101,,699,NEW,
700,MSFT,BUY,LIMIT,402.41,33,,700,NEW,
701,MSFT,BUY,LIMIT,402.55,64,,701,NEW,
702,SPY,SELL,LIMIT,680.95,103,,702,NEW,
703,TSLA,BUY,LIMIT,419.77,62,,703,NEW,
704,MSFT,SELL,LIMIT,402.8,26,,704,NEW,
705,AAPL,BUY,LIMIT,255.31,104,,705,NEW,
706,NVDA,SELL,LIMIT,183.34,93,,706,NEW,
707,GOOGL,BUY,LIMIT,305.63,41,,707,NEW,
708,MSFT,SELL,LIMIT,402.91,71,,708,NEW,
709,AMZN,SELL,LIMIT,198.23,43,,709,NEW,
710,META,BUY,LIMIT,639.45,112,,710,NEW,
711,NVDA,SELL,LIMIT,183.4,1446,,711,NEW,
712,TSLA,BUY,LIMIT,419.67,115,,712,NEW,
713,AAPL,BUY,LIMIT,255.36,91,,713,NEW,
714,AMZN,BUY,LIMIT,198.16,116,,714,NEW,
715,AMZN,BUY,LIMIT,198.09,1859,,715,NEW,
716,SPY,SELL,LIMIT,681.01,2,,716,NEW,
717,AMZN,BUY,LIMIT,198,117,,717,NEW,
718,NVDA,SELL,LIMIT,183.52,5,,718,NEW,
719,AMZN,SELL,LIMIT,198.11,54,,719,NEW,
720,NVDA,BUY,LIMIT,183.48,70,,720,NEW,
721,NVDA,SELL,LIMIT,183.49,11,,721,NEW,
722,TSLA,SELL,LIMIT,419.66,38,,722,NEW,
723,GOOGL,SELL,LIMIT,305.72,16,,723,NEW,
724,TSLA,SELL,LIMIT,419.95,20,,724,NEW,
725,MSFT,BUY,LIMIT,402.83,39,,725,NEW,
726,MSFT,SELL,LIMIT,402.93,51,,726,NEW,
727,NVDA,SELL,LIMIT,183.47,118,,727,NEW,
728,GOOGL,BUY,LIMIT,305.56,64,,728,NEW,
729,SPY,SELL,LIMIT,681.19,52,,729,NEW,
730,MSFT,BUY,LIMIT,402.87,1671,,730,NEW,
731,SPY,BUY,LIMIT,680.92,39,,731,NEW,
732,AMZN,SELL,LIMIT,198.09,39,,732,NEW,
733,AAPL,BUY,LIMIT,255.5,98,,733,NEW,
734,AMZN,SELL,LIMIT,198.07,84,,734,NEW,
735,META,BUY,LIMIT,639.45,60,,735,NEW,
736,TSLA,SELL,LIMIT,420.02,35,,736,NEW,
737,MSFT,SELL,LIMIT,402.89,111,,737,NEW,
738,GOOGL,BUY,LIMIT,305.46,60,,738,NEW,
739,SPY,SELL,LIMIT,681.23,58,,739,NEW,
740,AMZN,SELL,LIMIT,198.04,86,,740,NEW,
741,AAPL,BUY,LIMIT,255.38,19,,741,NEW,
742,TSLA,BUY,LIMIT,419.57,48,,742,NEW,
743,MSFT,SELL,LIMIT,402.82,6,,743,NEW,
744,META,SELL,LIMIT,639.88,94,,744,NEW,
745,META,BUY,LIMIT,639.64,939,,745,NEW,
746,MSFT,SELL,LIMIT,402.91,340,,746,NEW,
747,AMZN,BUY,LIMIT,197.98,62,,747,NEW,
748,META,SELL,LIMIT,639.79,118,,748,NEW,
749,META,BUY,LIMIT,639.7,110,,749,NEW,
750,AMZN,BUY,LIMIT,197.87,91,,750,NEW,
751,AAPL,BUY,LIMIT,255.45,78,,751,NEW,
752,TSLA,BUY,LIMIT,419.74,103,,752,NEW,
753,AAPL,SELL,LIMIT,255.52,16,,753,NEW,
754,TSLA,BUY,LIMIT,419.91,80,,754,NEW,
755,MSFT,BUY,LIMIT,402.76,67,,755,NEW,
756,AAPL,BUY,LIMIT,255.45,30,,756,NEW,
757,TSLA,BUY,LIMIT,420.06,49,,757,NEW,
758,GOOGL,SELL,LIMIT,305.64,54,,758,NEW,
759,META,BUY,LIMIT,639.61,66,,759,NEW,
760,NVDA,SELL,LIMIT,183.49,20,,760,NEW,
761,SPY,BUY,LIMIT,680.98,82,,761,NEW,
762,MSFT,BUY,LIMIT,402.7,87,,762,NEW,
763,NVDA,SELL,LIMIT,183.55,7,,763,NEW,
764,AMZN,BUY,LIMIT,197.85,22,,764,NEW,
765,GOOGL,SELL,LIMIT,305.68,98,,765,NEW,
766,AAPL,BUY,LIMIT,255.54,78,,766,NEW,
767,NVDA,BUY,LIMIT,183.49,119,,767,NEW,
768,MSFT,SELL,LIMIT,402.74,81,,768,NEW,
769,NVDA,BUY,LIMIT,183.42,47,,769,NEW,
770,AAPL,SELL,LIMIT,255.65,1,,770,NEW,
771,AAPL,SELL,LIMIT,255.63,489,,771,NEW,
772,TSLA,SELL,LIMIT,420.08,7,,772,NEW,
773,AAPL,BUY,LIMIT,255.5,28,,773,NEW,
774,TSLA,BUY,LIMIT,419.78,79,,774,NEW,
775,NVDA,BUY,LIMIT,183.42,87,,775,NEW,
776,TSLA,SELL,LIMIT,419.88,66,,776,NEW,
777,TSLA,SELL,LIMIT,419.89,9,,777,NEW,
778,NVDA,SELL,LIMIT,183.53,1662,,778,NEW,
779,GOOGL,BUY,LIMIT,305.46,52,,779,NEW,
780,AAPL,SELL,LIMIT,255.64,42,,780,NEW,
781,AMZN,SELL,LIMIT,197.88,1763,,781,NEW,
782,SPY,BUY,LIMIT,680.93,120,,782,NEW,
783,NVDA,BUY,LIMIT,183.46,24,,783,NEW,
784,AMZN,BUY,LIMIT,197.82,1761,,784,NEW,
785,GOOGL,BUY,LIMIT,305.33,119,,785,NEW,
786,SPY,SELL,LIMIT,681.25,30,,786,NEW,
787,TSLA,BUY,LIMIT,419.75,75,,787,NEW,
788,MSFT,SELL,LIMIT,402.69,94,,788,NEW,
789,AAPL,SELL,LIMIT,255.43,107,,789,NEW,
790,GOOGL,SELL,LIMIT,305.55,31,,790,NEW,
791,SPY,BUY,LIMIT,680.9,55,,791,NEW,
792,AMZN,SELL,LIMIT,197.88,110,,792,NEW,
793,MSFT,BUY,LIMIT,402.63,117,,793,NEW,
794,NVDA,BUY,LIMIT,183.61,21,,794,NEW,
795,GOOGL,SELL,LIMIT,305.52,111,,795,NEW,
796,SPY,BUY,LIMIT,680.81,105,,796,NEW,
797,AAPL,SELL,LIMIT,255.4,86,,797,NEW,
798,GOOGL,BUY,LIMIT,305.32,41,,798,NEW,
799,MSFT,SELL,LIMIT,402.87,1627,,799,NEW,
800,AMZN,SELL,LIMIT,197.92,65,,800,NEW,
801,NVDA,SELL,LIMIT,183.67,62,,801,NEW,
802,META,BUY,LIMIT,639.55,63,,802,NEW,
803,AMZN,SELL,LIMIT,197.84,13,,803,NEW,
804,META,BUY,LIMIT,639.62,29,,804,NEW,
805,MSFT,SELL,LIMIT,402.86,14,,805,NEW,
806,META,BUY,LIMIT,640.08,11,,806,NEW,
807,NVDA,SELL,LIMIT,183.6,68,,807,NEW,
808,TSLA,BUY,LIMIT,419.76,73,,808,NEW,
809,AAPL,SELL,LIMIT,255.31,91,,809,NEW,
810,GOOGL,SELL,LIMIT,305.5,80,,810,NEW,
811,TSLA,SELL,LIMIT,420.02,60,,811,NEW,
812,AAPL,BUY,LIMIT,255.21,100,,812,NEW,
813,NVDA,SELL,LIMIT,183.58,67,,813,NEW,
814,AAPL,SELL,LIMIT,255.36,1,,814,NEW,
815,TSLA,SELL,LIMIT,419.97,84,,815,NEW,
816,TSLA,SELL,LIMIT,420.23,107,,816,NEW,
817,GOOGL,SELL,LIMIT,305.47,45,,817,NEW,
818,MSFT,SELL,LIMIT,402.77,118,,818,NEW,
819,MSFT,SELL,LIMIT,402.85,70,,819,NEW,
820,MSFT,BUY,LIMIT,402.9,41,,820,NEW,
821,AAPL,BUY,LIMIT,255.37,80,,821,NEW,
822,TSLA,BUY,LIMIT,420.07,99,,822,NEW,
823,SPY,SELL,LIMIT,680.91,49,,823,NEW,
824,AMZN,SELL,LIMIT,197.83,86,,824,NEW,
825,NVDA,SELL,LIMIT,183.63,8,,825,NEW,
826,NVDA,BUY,LIMIT,183.51,60,,826,NEW,
827,MSFT,SELL,LIMIT,403.01,74,,827,NEW,
828,GOOGL,BUY,LIMIT,305.3,7,,828,NEW,
829,MSFT,SELL,LIMIT,403.18,29,,829,NEW,
830,NVDA,SELL,LIMIT,183.61,29,,830,NEW,
831,MSFT,BUY,LIMIT,403.04,624,,831,NEW,
832,SPY,BUY,LIMIT,680.38,15,,832,NEW,
833,AAPL,BUY,LIMIT,255.36,119,,833,NEW,
834,TSLA,BUY,LIMIT,420.12,1188,,834,NEW,
835,AMZN,SELL,LIMIT,197.8,92,,835,NEW,
836,TSLA,SELL,LIMIT,419.79,69,,836,NEW,
837,AMZN,BUY,LIMIT,197.74,84,,837,NEW,
838,NVDA,BUY,LIMIT,183.6,111,,838,NEW,
839,AAPL,SELL,LIMIT,255.4,87,,839,NEW,
840,TSLA,SELL,LIMIT,419.98,73,,840,NEW,
841,GOOGL,SELL,LIMIT,305.3,110,,841,NEW,
842,AAPL,SELL,LIMIT,255.43,65,,842,NEW,
843,AAPL,SELL,LIMIT,255.42,92,,843,NEW,
844,AAPL,SELL,LIMIT,255.34,105,,844,NEW,
845,TSLA,BUY,LIMIT,419.6,110,,845,NEW,
846,NVDA,SELL,LIMIT,183.61,26,,846,NEW,
847,TSLA,BUY,LIMIT,419.59,59,,847,NEW,
848,NVDA,SELL,LIMIT,183.49,61,,848,NEW,
849,AMZN,BUY,LIMIT,197.79,90,,849,NEW,
850,TSLA,SELL,LIMIT,420.02,48,,850,NEW,
851,AAPL,BUY,LIMIT,255.27,65,,851,NEW,
852,NVDA,BUY,LIMIT,183.32,72,,852,NEW,
853,MSFT,SELL,LIMIT,403.2,77,,853,NEW,
854,NVDA,BUY,LIMIT,183.35,7,,854,NEW,
855,AAPL,SELL,LIMIT,255.41,9,,855,NEW,
856,MSFT,BUY,LIMIT,403.06,47,,856,NEW,
857,NVDA,BUY,LIMIT,183.25,60,,857,NEW,
858,AAPL,BUY,LIMIT,255.33,16,,858,NEW,
859,NVDA,SELL,LIMIT,183.33,7,,859,NEW,
860,AMZN,BUY,LIMIT,197.85,93,,860,NEW,
861,TSLA,BUY,LIMIT,419.88,69,,861,NEW,
862,MSFT,BUY,LIMIT,403.12,1205,,862,NEW,
863,GOOGL,BUY,LIMIT,305.19,34,,863,NEW,
864,AAPL,BUY,LIMIT,255.31,9,,864,NEW,
865,TSLA,BUY,LIMIT,419.65,14,,865,NEW,
866,AMZN,SELL,LIMIT,197.79,89,,866,NEW,
867,NVDA,SELL,LIMIT,183.27,46,,867,NEW,
868,MSFT,BUY,LIMIT,403.13,114,,868,NEW,
869,SPY,SELL,LIMIT,680.61,17,,869,NEW,
870,META,BUY,LIMIT,640.04,76,,870,NEW,
871,NVDA,SELL,LIMIT,183.28,25,,871,NEW,
872,AMZN,BUY,LIMIT,197.72,23,,872,NEW,
873,AMZN,SELL,LIMIT,197.77,7,,873,NEW,
874,AAPL,BUY,LIMIT,255.38,102,,874,NEW,
875,SPY,BUY,LIMIT,680.38,24,,875,NEW,
876,GOOGL,SELL,LIMIT,305.2,22,,876,NEW,
877,GOOGL,BUY,LIMIT,305.01,46,,877,NEW,
878,NVDA,SELL,LIMIT,183.4,1019,,878,NEW,
879,GOOGL,BUY,LIMIT,305.02,86,,879,NEW,
880,AMZN,BUY,LIMIT,197.67,11,,880,NEW,
881,MSFT,BUY,LIMIT,403.12,120,,881,NEW,
882,META,BUY,LIMIT,640.25,108,,882,NEW,
883,TSLA,SELL,LIMIT,419.55,866,,883,NEW,
884,NVDA,BUY,LIMIT,183.35,18,,884,NEW,
885,MSFT,SELL,LIMIT,403.23,61,,885,NEW,
886,AMZN,BUY,LIMIT,197.67,908,,886,NEW,
887,MSFT,SELL,LIMIT,403.09,1868,,887,NEW,
888,MSFT,SELL,LIMIT,403.08,108,,888,NEW,
889,AMZN,SELL,LIMIT,197.7,112,,889,NEW,
890,META,BUY,LIMIT,640.02,99,,890,NEW,
891,TSLA,BUY,LIMIT,419.24,67,,891,NEW,
892,AMZN,BUY,LIMIT,197.47,61,,892,NEW,
893,MSFT,BUY,LIMIT,402.99,67,,893,NEW,
894,SPY,SELL,LIMIT,680.69,18,,894,NEW,
895,META,BUY,LIMIT,639.75,23,,895,NEW,
896,AAPL,SELL,LIMIT,255.51,119,,896,NEW,
897,META,BUY,LIMIT,639.74,97,,897,NEW,
898,AAPL,SELL,LIMIT,255.54,35,,898,NEW,
899,AMZN,SELL,LIMIT,197.54,6,,899,NEW,
900,GOOGL,BUY,LIMIT,305.1,1478,,900,NEW,
901,AMZN,SELL,LIMIT,197.57,20,,901,NEW,
902,NVDA,SELL,LIMIT,183.39,1533,,902,NEW,
903,AAPL,BUY,LIMIT,255.49,112,,903,NEW,
904,SPY,SELL,LIMIT,680.66,89,,904,NEW,
905,META,BUY,LIMIT,639.42,97,,905,NEW,
906,MSFT,SELL,LIMIT,403.32,56,,906,NEW,
907,AAPL,BUY,LIMIT,255.43,41,,907,NEW,
908,AAPL,BUY,LIMIT,255.31,38,,908,NEW,
909,AMZN,BUY,LIMIT,197.55,54,,909,NEW,
910,AAPL,BUY,LIMIT,255.29,78,,910,NEW,
911,AMZN,BUY,LIMIT,197.6,17,,911,NEW,
912,SPY,SELL,LIMIT,680.6,59,,912,NEW,
913,SPY,SELL,LIMIT,680.52,35,,913,NEW,
914,MSFT,BUY,LIMIT,403.19,80,,914,NEW,
915,NVDA,BUY,LIMIT,183.43,19,,915,NEW,
916,MSFT,SELL,LIMIT,403.54,108,,916,NEW,
917,GOOGL,BUY,LIMIT,305.13,29,,917,NEW,
918,AAPL,BUY,LIMIT,255.27,45,,918,NEW,
919,AAPL,BUY,LIMIT,255.33,104,,919,NEW,
920,AMZN,BUY,LIMIT,197.65,8,,920,NEW,
921,GOOGL,BUY,LIMIT,305.16,94,,921,NEW,
922,GOOGL,SELL,LIMIT,305.27,31,,922,NEW,
923,AMZN,SELL,LIMIT,197.74,3,,923,NEW,
924,META,SELL,LIMIT,639.51,73,,924,NEW,
925,AMZN,BUY,LIMIT,197.66,93,,925,NEW,
926,GOOGL,BUY,LIMIT,305.2,91,,926,NEW,
927,MSFT,BUY,LIMIT,403.44,1949,,927,NEW,
928,META,SELL,LIMIT,639.82,117,,928,NEW,
929,GOOGL,BUY,LIMIT,305.25,25,,929,NEW,
930,SPY,BUY,LIMIT,680.26,71,,930,NEW,
931,TSLA,SELL,LIMIT,419.48,111,,931,NEW,
932,TSLA,SELL,LIMIT,419.8,49,,932,NEW,
933,SPY,SELL,LIMIT,680.71,521,,933,NEW,
934,META,SELL,LIMIT,639.7,1189,,934,NEW,
935,MSFT,BUY,LIMIT,403.34,8,,935,NEW,
936,AAPL,SELL,LIMIT,255.48,75,,936,NEW,
937,AMZN,BUY,LIMIT,197.7,77,,937,NEW,
938,MSFT,BUY,LIMIT,403.29,94,,938,NEW,
939,AMZN,SELL,LIMIT,197.75,110,,939,NEW,
940,SPY,SELL,LIMIT,680.76,58,,940,NEW,
941,MSFT,SELL,LIMIT,403.4,62,,941,NEW,
942,NVDA,BUY,LIMIT,183.4,106,,942,NEW,
943,NVDA,SELL,LIMIT,183.52,9,,943,NEW,
944,GOOGL,BUY,LIMIT,305.33,558,,944,NEW,
945,TSLA,SELL,LIMIT,419.94,2,,945,NEW,
946,META,BUY,LIMIT,639.43,8,,946,NEW,
947,GOOGL,BUY,LIMIT,305.22,728,,947,NEW,
948,META,BUY,LIMIT,639.53,885,,948,NEW,
949,AAPL,BUY,LIMIT,255.43,1647,,949,NEW,
950,AAPL,BUY,LIMIT,255.39,1295,,950,NEW,
951,META,SELL,LIMIT,639.82,20,,951,NEW,
952,AAPL,SELL,LIMIT,255.57,8,,952,NEW,
953,AAPL,BUY,LIMIT,255.3,86,,953,NEW,
954,MSFT,BUY,LIMIT,403.17,31,,954,NEW,
955,META,SELL,LIMIT,640.22,56,,955,NEW,
956,MSFT,SELL,LIMIT,403.21,47,,956,NEW,
957,NVDA,BUY,LIMIT,183.39,118,,957,NEW,
958,SPY,BUY,LIMIT,680.6,120,,958,NEW,
959,SPY,SELL,LIMIT,680.92,27,,959,NEW,
960,SPY,BUY,LIMIT,680.9,893,,960,NEW,
961,TSLA,BUY,LIMIT,419.96,6,,961,NEW,
962,NVDA,BUY,LIMIT,183.45,10,,962,NEW,
963,MSFT,SELL,LIMIT,403.14,1307,,963,NEW,
964,META,SELL,LIMIT,639.97,104,,964,NEW,
965,NVDA,BUY,LIMIT,183.43,29,,965,NEW,
966,SPY,BUY,LIMIT,680.93,44,,966,NEW,
967,AMZN,SELL,LIMIT,197.78,1354,,967,NEW,
968,GOOGL,SELL,LIMIT,305.31,229,,968,NEW,
969,MSFT,BUY,LIMIT,403.06,1731,,969,NEW,
970,MSFT,SELL,LIMIT,403.21,42,,970,NEW,
971,GOOGL,BUY,LIMIT,305.17,363,,971,NEW,
972,SPY,BUY,LIMIT,680.96,628,,972,NEW,
973,GOOGL,BUY,LIMIT,305.08,54,,973,NEW,
974,TSLA,BUY,LIMIT,420.14,83,,974,NEW,
975,NVDA,SELL,LIMIT,183.47,50,,975,NEW,
976,AAPL,BUY,LIMIT,255.27,48,,976,NEW,
977,META,SELL,LIMIT,640.1,118,,977,NEW,
978,GOOGL,BUY,LIMIT,305.17,71,,978,NEW,
979,MSFT,BUY,LIMIT,402.94,45,,979,NEW,
980,AAPL,SELL,LIMIT,255.39,26,,980,NEW,
981,NVDA,BUY,LIMIT,183.34,1649,,981,NEW,
982,AMZN,SELL,LIMIT,197.71,65,,982,NEW,
983,NVDA,SELL,LIMIT,183.36,1,,983,NEW,
984,TSLA,SELL,LIMIT,420.35,47,,984,NEW,
985,GOOGL,BUY,LIMIT,305.3,15,,985,NEW,
986,AAPL,SELL,LIMIT,255.35,81,,986,NEW,
987,NVDA,BUY,LIMIT,183.15,42,,987,NEW,
988,GOOGL,BUY,LIMIT,305.24,60,,988,NEW,
989,GOOGL,SELL,LIMIT,305.37,83,,989,NEW,
990,AAPL,BUY,LIMIT,255.15,4,,990,NEW,
991,AMZN,BUY,LIMIT,197.65,5,,991,NEW,
992,AAPL,BUY,LIMIT,255.13,49,,992,NEW,
993,AAPL,SELL,LIMIT,255.21,21,,993,NEW,
994,MSFT,BUY,LIMIT,402.92,1686,,994,NEW,
995,META,SELL,LIMIT,640.03,33,,995,NEW,
996,AAPL,SELL,LIMIT,255.15,69,,996,NEW,
997,META,SELL,LIMIT,639.81,51,,997,NEW,
998,AAPL,SELL,LIMIT,255.14,54,,998,NEW,
999,AMZN,BUY,LIMIT,197.65,43,,999,NEW,
1000,AAPL,BUY,LIMIT,255.03,13,,1000,NEW,
1001,AAPL,SELL,LIMIT,255.06,70,,1001,NEW,
1002,GOOGL,BUY,LIMIT,305.35,26,,1002,NEW,
1003,AAPL,SELL,LIMIT,254.96,63,,1003,NEW,
1004,AAPL,SELL,LIMIT,254.96,44,,1004,NEW,
1005,META,BUY,LIMIT,639.49,108,,1005,NEW,
1006,MSFT,SELL,LIMIT,402.88,9,,1006,NEW,
1007,AMZN,BUY,LIMIT,197.69,114,,1007,NEW,
1008,GOOGL,BUY,LIMIT,305.4,15,,1008,NEW,
1009,AMZN,BUY,LIMIT,197.61,106,,1009,NEW,
1010,MSFT,SELL,LIMIT,402.95,81,,1010,NEW,
1011,AAPL,SELL,LIMIT,255.04,1482,,1011,NEW,
1012,MSFT,SELL,LIMIT,402.85,41,,1012,NEW,
1013,SPY,BUY,LIMIT,681.29,41,,1013,NEW,
1014,AMZN,BUY,LIMIT,197.7,1429,,1014,NEW,
1015,AMZN,SELL,LIMIT,197.81,72,,1015,NEW,
1016,AAPL,SELL,LIMIT,254.96,6,,1016,NEW,
1017,NVDA,BUY,LIMIT,183.19,93,,1017,NEW,
1018,NVDA,BUY,LIMIT,183.09,1606,,1018,NEW,
1019,META,SELL,LIMIT,639.77,110,,1019,NEW,
1020,MSFT,BUY,LIMIT,402.83,21,,1020,NEW,
1021,MSFT,BUY,LIMIT,402.84,38,,1021,NEW,
1022,TSLA,BUY,LIMIT,420.19,74,,1022,NEW,
1023,TSLA,BUY,LIMIT,419.96,37,,1023,NEW,
1024,SPY,BUY,LIMIT,681.29,48,,1024,NEW,
1025,TSLA,SELL,LIMIT,419.89,90,,1025,NEW,
1026,GOOGL,BUY,LIMIT,305.33,35,,1026,NEW,
1027,MSFT,BUY,LIMIT,402.86,493,,1027,NEW,
1028,AAPL,SELL,LIMIT,254.92,89,,1028,NEW,
1029,AAPL,BUY,LIMIT,254.81,117,,1029,NEW,
1030,GOOGL,BUY,LIMIT,305.26,1975,,1030,NEW,
1031,NVDA,SELL,LIMIT,183.24,90,,1031,NEW,
1032,NVDA,SELL,LIMIT,183.23,72,,1032,NEW,
1033,MSFT,BUY,LIMIT,402.94,92,,1033,NEW,
1034,TSLA,BUY,LIMIT,419.79,15,,1034,NEW,
1035,SPY,SELL,LIMIT,681.43,47,,1035,NEW,
1036,NVDA,BUY,LIMIT,183.15,97,,1036,NEW,
1037,TSLA,SELL,LIMIT,420.13,35,,1037,NEW,
1038,MSFT,BUY,LIMIT,403.07,52,,1038,NEW,
1039,AMZN,SELL,LIMIT,197.81,47,,1039,NEW,
1040,SPY,BUY,LIMIT,681.18,30,,1040,NEW,
1041,SPY,BUY,LIMIT,681.3,107,,1041,NEW,
1042,AMZN,SELL,LIMIT,197.79,74,,1042,NEW,
1043,META,SELL,LIMIT,640.11,69,,1043,NEW,
1044,NVDA,SELL,LIMIT,183.26,16,,1044,NEW,
1045,TSLA,SELL,LIMIT,420.16,74,,1045,NEW,
1046,AMZN,SELL,LIMIT,197.82,11,,1046,NEW,
1047,MSFT,SELL,LIMIT,403.31,64,,1047,NEW,
1048,AMZN,SELL,LIMIT,197.83,98,,1048,NEW,
1049,NVDA,BUY,LIMIT,183.07,102,,1049,NEW,
1050,MSFT,BUY,LIMIT,403.27,75,,1050,NEW,
1051,META,SELL,LIMIT,640.22,1,,1051,NEW,
1052,AAPL,BUY,LIMIT,254.91,63,,1052,NEW,
1053,META,SELL,LIMIT,640.31,1,,1053,NEW,
1054,AAPL,BUY,LIMIT,254.85,75,,1054,NEW,
1055,AAPL,SELL,LIMIT,254.96,77,,1055,NEW,
1056,SPY,SELL,LIMIT,681.58,35,,1056,NEW,
1057,MSFT,SELL,LIMIT,403.32,331,,1057,NEW,
1058,TSLA,SELL,LIMIT,420.05,854,,1058,NEW,
1059,AAPL,BUY,LIMIT,254.81,67,,1059,NEW,
1060,NVDA,SELL,LIMIT,183.27,104,,1060,NEW,
1061,AMZN,BUY,LIMIT,197.74,27,,1061,NEW,
1062,MSFT,BUY,LIMIT,403.34,54,,1062,NEW,
1063,NVDA,SELL,LIMIT,183.26,35,,1063,NEW,
1064,SPY,BUY,LIMIT,681.47,96,,1064,NEW,
1065,AAPL,BUY,LIMIT,254.8,1869,,1065,NEW,
1066,MSFT,SELL,LIMIT,403.46,41,,1066,NEW,
1067,AMZN,SELL,LIMIT,197.82,99,,1067,NEW,
1068,AMZN,BUY,LIMIT,197.78,50,,1068,NEW,
1069,META,BUY,LIMIT,640.27,82,,1069,NEW,
1070,GOOGL,SELL,LIMIT,305.31,85,,1070,NEW,
1071,NVDA,BUY,LIMIT,183.16,115,,1071,NEW,
1072,META,SELL,LIMIT,640.57,73,,1072,NEW,
1073,GOOGL,SELL,LIMIT,305.39,47,,1073,NEW,
1074,AMZN,SELL,LIMIT,197.88,52,,1074,NEW,
1075,TSLA,SELL,LIMIT,420.08,39,,1075,NEW,
1076,AAPL,BUY,LIMIT,254.91,78,,1076,NEW,
1077,NVDA,BUY,LIMIT,183.19,102,,1077,NEW,
1078,TSLA,BUY,LIMIT,420.15,88,,1078,NEW,
1079,META,SELL,LIMIT,640.59,216,,1079,NEW,
1080,AMZN,SELL,LIMIT,197.95,120,,1080,NEW,
1081,GOOGL,BUY,LIMIT,305.28,89,,1081,NEW,
1082,NVDA,SELL,LIMIT,183.29,65,,1082,NEW,
1083,GOOGL,SELL,LIMIT,305.32,92,,1083,NEW,
1084,TSLA,BUY,LIMIT,420.19,32,,1084,NEW,
1085,SPY,BUY,LIMIT,681.44,89,,1085,NEW,
1086,TSLA,SELL,LIMIT,420.2,10,,1086,NEW,
1087,TSLA,SELL,LIMIT,420.11,57,,1087,NEW,
1088,SPY,SELL,LIMIT,681.84,118,,1088,NEW,
1089,TSLA,BUY,LIMIT,419.98,108,,1089,NEW,
1090,SPY,BUY,LIMIT,681.65,112,,1090,NEW,
1091,TSLA,SELL,LIMIT,420.22,1,,1091,NEW,
1092,MSFT,SELL,LIMIT,403.45,45,,1092,NEW,
1093,AMZN,SELL,LIMIT,198.02,104,,1093,NEW,
1094,AAPL,BUY,LIMIT,254.95,13,,1094,NEW,
1095,TSLA,SELL,LIMIT,420.3,59,,1095,NEW,
1096,META,SELL,LIMIT,640.29,51,,1096,NEW,
1097,GOOGL,SELL,LIMIT,305.33,74,,1097,NEW,
1098,MSFT,BUY,LIMIT,403.5,392,,1098,NEW,
1099,SPY,SELL,LIMIT,681.85,40,,1099,NEW,
1100,SPY,BUY,LIMIT,681.53,43,,1100,NEW,
1101,AMZN,BUY,LIMIT,197.99,66,,1101,NEW,
1102,AMZN,BUY,LIMIT,198.06,115,,1102,NEW,
1103,NVDA,BUY,LIMIT,183.22,21,,1103,NEW,
1104,AMZN,BUY,LIMIT,197.99,4,,1104,NEW,
1105,NVDA,SELL,LIMIT,183.27,110,,1105,NEW,
1106,NVDA,SELL,LIMIT,183.24,51,,1106,NEW,
1107,AAPL,SELL,LIMIT,255.11,115,,1107,NEW,
1108,SPY,SELL,LIMIT,681.62,89,,1108,NEW,
1109,AAPL,BUY,LIMIT,255.07,105,,1109,NEW,
1110,TSLA,SELL,LIMIT,420.41,13,,1110,NEW,
1111,META,SELL,LIMIT,640.22,8,,1111,NEW,
1112,SPY,SELL,LIMIT,681.53,90,,1112,NEW,
1113,NVDA,BUY,LIMIT,183.13,95,,1113,NEW,
1114,MSFT,BUY,LIMIT,403.57,95,,1114,NEW,
1115,TSLA,SELL,LIMIT,420.58,109,,1115,NEW,
1116,MSFT,SELL,LIMIT,403.59,88,,1116,NEW,
1117,AAPL,SELL,LIMIT,255.23,26,,1117,NEW,
1118,MSFT,BUY,LIMIT,403.57,70,,1118,NEW,
1119,META,SELL,LIMIT,640.19,77,,1119,NEW,
1120,AAPL,BUY,LIMIT,255.03,110,,1120,NEW,
1121,TSLA,SELL,LIMIT,420.79,7,,1121,NEW,
1122,NVDA,BUY,LIMIT,183.17,48,,1122,NEW,
1123,AAPL,BUY,LIMIT,255.01,1945,,1123,NEW,
1124,GOOGL,BUY,LIMIT,305.17,107,,1124,NEW,
1125,NVDA,BUY,LIMIT,183.15,46,,1125,NEW,
1126,TSLA,SELL,LIMIT,421.17,73,,1126,NEW,
1127,META,BUY,LIMIT,640.16,77,,1127,NEW,
1128,NVDA,SELL,LIMIT,183.3,40,,1128,NEW,
1129,META,SELL,LIMIT,640.56,99,,1129,NEW,
1130,AMZN,BUY,LIMIT,197.99,13,,1130,NEW,
1131,AAPL,SELL,LIMIT,255.1,56,,1131,NEW,
1132,TSLA,BUY,LIMIT,420.96,22,,1132,NEW,
1133,GOOGL,SELL,LIMIT,305.16,19,,1133,NEW,
1134,TSLA,SELL,LIMIT,421,91,,1134,NEW,
1135,SPY,BUY,LIMIT,681.43,1691,,1135,NEW,
1136,SPY,BUY,LIMIT,681.33,119,,1136,NEW,
1137,MSFT,BUY,LIMIT,403.61,23,,1137,NEW,
1138,AMZN,BUY,LIMIT,198.02,44,,1138,NEW,
1139,META,BUY,LIMIT,640.29,87,,1139,NEW,
1140,AAPL,SELL,LIMIT,255.08,3,,1140,NEW,
1141,NVDA,SELL,LIMIT,183.28,802,,1141,NEW,
1142,AAPL,BUY,LIMIT,254.95,12,,1142,NEW,
1143,MSFT,SELL,LIMIT,403.85,1762,,1143,NEW,
1144,AMZN,SELL,LIMIT,198.06,100,,1144,NEW,
1145,META,BUY,LIMIT,640.31,43,,1145,NEW,
1146,MSFT,BUY,LIMIT,403.84,112,,1146,NEW,
1147,MSFT,BUY,LIMIT,403.81,100,,1147,NEW,
1148,MSFT,BUY,LIMIT,403.85,70,,1148,NEW,
1149,AAPL,BUY,LIMIT,254.98,113,,1149,NEW,
1150,MSFT,SELL,LIMIT,403.89,9,,1150,NEW,
1151,NVDA,BUY,LIMIT,183.21,5,,1151,NEW,
1152,AAPL,BUY,LIMIT,255,24,,1152,NEW,
1153,GOOGL,SELL,LIMIT,305.09,94,,1153,NEW,
1154,SPY,BUY,LIMIT,681.29,101,,1154,NEW,
1155,GOOGL,BUY,LIMIT,304.97,41,,1155,NEW,
1156,TSLA,BUY,LIMIT,420.51,16,,1156,NEW,
1157,MSFT,SELL,LIMIT,403.83,73,,1157,NEW,
1158,AAPL,BUY,LIMIT,255.12,1225,,1158,NEW,
1159,AAPL,BUY,LIMIT,255.16,1467,,1159,NEW,
1160,META,SELL,LIMIT,640.49,64,,1160,NEW,
1161,AAPL,BUY,LIMIT,255.11,8,,1161,NEW,
1162,GOOGL,BUY,LIMIT,305.12,1365,,1162,NEW,
1163,NVDA,SELL,LIMIT,183.21,1384,,1163,NEW,
1164,AMZN,SELL,LIMIT,198.04,9,,1164,NEW,
1165,NVDA,SELL,LIMIT,183.25,29,,1165,NEW,
1166,NVDA,BUY,LIMIT,183.13,65,,1166,NEW,
1167,AAPL,BUY,LIMIT,255.1,48,,1167,NEW,
1168,GOOGL,SELL,LIMIT,305.41,106,,1168,NEW,
1169,META,SELL,LIMIT,640.57,15,,1169,NEW,
1170,SPY,BUY,LIMIT,681.36,40,,1170,NEW,
1171,GOOGL,BUY,LIMIT,305.34,1968,,1171,NEW,
1172,NVDA,SELL,LIMIT,183.26,22,,1172,NEW,
1173,NVDA,BUY,LIMIT,183.19,1908,,1173,NEW,
1174,MSFT,SELL,LIMIT,403.94,115,,1174,NEW,
1175,GOOGL,SELL,LIMIT,305.45,75,,1175,NEW,
1176,SPY,BUY,LIMIT,681.14,6,,1176,NEW,
1177,AAPL,BUY,LIMIT,255.05,118,,1177,NEW,
1178,MSFT,SELL,LIMIT,403.86,66,,1178,NEW,
1179,MSFT,SELL,LIMIT,403.94,48,,1179,NEW,
1180,AMZN,SELL,LIMIT,198.04,64,,1180,NEW,
1181,AAPL,SELL,LIMIT,255.13,90,,1181,NEW,
1182,AMZN,SELL,LIMIT,198.04,60,,1182,NEW,
1183,AAPL,SELL,LIMIT,255.16,97,,1183,NEW,
1184,TSLA,SELL,LIMIT,421.06,61,,1184,NEW,
1185,NVDA,SELL,LIMIT,183.25,1352,,1185,NEW,
1186,AAPL,BUY,LIMIT,255.16,73,,1186,NEW,
1187,AAPL,SELL,LIMIT,255.33,14,,1187,NEW,
1188,AMZN,BUY,LIMIT,198.05,106,,1188,NEW,
1189,TSLA,SELL,LIMIT,421.03,52,,1189,NEW,
1190,TSLA,SELL,LIMIT,420.71,117,,1190,NEW,
1191,MSFT,BUY,LIMIT,403.69,105,,1191,NEW,
1192,TSLA,SELL,LIMIT,420.64,50,,1192,NEW,
1193,SPY,SELL,LIMIT,681.38,221,,1193,NEW,
1194,MSFT,BUY,LIMIT,403.7,18,,1194,NEW,
1195,MSFT,SELL,LIMIT,403.88,63,,1195,NEW,
1196,AAPL,SELL,LIMIT,255.34,110,,1196,NEW,
1197,SPY,BUY,LIMIT,681.14,32,,1197,NEW,
1198,MSFT,SELL,LIMIT,403.86,90,,1198,NEW,
1199,META,SELL,LIMIT,640.68,3,,1199,NEW,
1200,GOOGL,SELL,LIMIT,305.38,105,,1200,NEW,
1201,SPY,SELL,LIMIT,681.48,67,,1201,NEW,
1202,MSFT,SELL,LIMIT,403.93,9,,1202,NEW,
1203,AMZN,SELL,LIMIT,198.12,35,,1203,NEW,
1204,MSFT,SELL,LIMIT,403.89,1664,,1204,NEW,
1205,SPY,BUY,LIMIT,681,77,,1205,NEW,
1206,GOOGL,BUY,LIMIT,305.28,308,,1206,NEW,
1207,AAPL,BUY,LIMIT,255.27,69,,1207,NEW,
1208,TSLA,BUY,LIMIT,420.64,1867,,1208,NEW,
1209,SPY,SELL,LIMIT,681.46,11,,1209,NEW,
1210,AMZN,BUY,LIMIT,198.06,44,,1210,NEW,
1211,TSLA,SELL,LIMIT,420.58,72,,1211,NEW,
1212,GOOGL,BUY,LIMIT,305.2,56,,1212,NEW,
1213,NVDA,BUY,LIMIT,183.14,51,,1213,NEW,
1214,AAPL,BUY,LIMIT,255.23,35,,1214,NEW,
1215,AAPL,SELL,LIMIT,255.29,72,,1215,NEW,
1216,MSFT,BUY,LIMIT,403.76,105,,1216,NEW,
1217,NVDA,SELL,LIMIT,183.16,67,,1217,NEW,
1218,AAPL,BUY,LIMIT,255.23,30,,1218,NEW,
1219,AMZN,BUY,LIMIT,198.06,65,,1219,NEW,
1220,TSLA,SELL,LIMIT,420.68,69,,1220,NEW,
1221,AMZN,BUY,LIMIT,198.06,55,,1221,NEW,
1222,AAPL,SELL,LIMIT,255.29,61,,1222,NEW,
1223,MSFT,SELL,LIMIT,403.87,645,,1223,NEW,
1224,SPY,BUY,LIMIT,681.34,2,,1224,NEW,
1225,NVDA,BUY,LIMIT,183.02,705,,1225,NEW,
1226,NVDA,SELL,LIMIT,183.09,101,,1226,NEW,
1227,NVDA,SELL,LIMIT,183,79,,1227,NEW,
1228,AAPL,BUY,LIMIT,255.17,74,,1228,NEW,
1229,TSLA,BUY,LIMIT,420.45,28,,1229,NEW,
1230,AAPL,SELL,LIMIT,255.38,117,,1230,NEW,
1231,TSLA,SELL,LIMIT,420.64,58,,1231,NEW,
1232,SPY,BUY,LIMIT,681.3,1218,,1232,NEW,
1233,AAPL,SELL,LIMIT,255.46,50,,1233,NEW,
1234,MSFT,SELL,LIMIT,403.79,120,,1234,NEW,
1235,MSFT,BUY,LIMIT,403.72,3,,1235,NEW,
1236,META,SELL,LIMIT,640.75,78,,1236,NEW,
1237,AAPL,BUY,LIMIT,255.33,98,,1237,NEW,
1238,META,SELL,LIMIT,640.99,31,,1238,NEW,
1239,META,BUY,LIMIT,641.17,62,,1239,NEW,
1240,NVDA,BUY,LIMIT,182.98,60,,1240,NEW,
1241,META,SELL,LIMIT,641.52,9,,1241,NEW,
1242,SPY,BUY,LIMIT,681.28,114,,1242,NEW,
1243,META,BUY,LIMIT,641.32,78,,1243,NEW,
1244,MSFT,SELL,LIMIT,403.8,1222,,1244,NEW,
1245,AAPL,SELL,LIMIT,255.44,584,,1245,NEW,
1246,TSLA,SELL,LIMIT,420.38,68,,1246,NEW,
1247,GOOGL,SELL,LIMIT,305.28,47,,1247,NEW,
1248,GOOGL,BUY,LIMIT,305.26,103,,1248,NEW,
1249,TSLA,SELL,LIMIT,420.41,78,,1249,NEW,
1250,AMZN,SELL,LIMIT,198.18,16,,1250,NEW,
1251,AAPL,SELL,LIMIT,255.49,952,,1251,NEW,
1252,SPY,BUY,LIMIT,681.3,19,,1252,NEW,
1253,AAPL,SELL,LIMIT,255.49,809,,1253,NEW,
1254,TSLA,BUY,LIMIT,420.26,85,,1254,NEW,
1255,SPY,BUY,LIMIT,681.12,52,,1255,NEW,
1256,GOOGL,SELL,LIMIT,305.4,53,,1256,NEW,
1257,GOOGL,SELL,LIMIT,305.39,1905,,1257,NEW,
1258,SPY,BUY,LIMIT,681.03,70,,1258,NEW,
1259,META,BUY,LIMIT,641.25,77,,1259,NEW,
1260,META,BUY,LIMIT,641.46,96,,1260,NEW,
1261,GOOGL,BUY,LIMIT,305.32,109,,1261,NEW,
1262,AAPL,BUY,LIMIT,255.29,76,,1262,NEW,
1263,NVDA,SELL,LIMIT,183.01,19,,1263,NEW,
1264,AAPL,BUY,LIMIT,255.39,14,,1264,NEW,
1265,SPY,BUY,LIMIT,681.06,18,,1265,NEW,
1266,GOOGL,SELL,LIMIT,305.45,48,,1266,NEW,
1267,TSLA,BUY,LIMIT,420.1,32,,1267,NEW,
1268,AAPL,SELL,LIMIT,255.52,6,,1268,NEW,
1269,AMZN,BUY,LIMIT,198.16,89,,1269,NEW,
1270,SPY,BUY,LIMIT,681.08,18,,1270,NEW,
1271,AAPL,BUY,LIMIT,255.43,9,,1271,NEW,
1272,MSFT,BUY,LIMIT,403.64,11,,1272,NEW,
1273,AAPL,BUY,LIMIT,255.49,5,,1273,NEW,
1274,TSLA,SELL,LIMIT,420.23,119,,1274,NEW,
1275,AMZN,BUY,LIMIT,198.13,29,,1275,NEW,
1276,NVDA,BUY,LIMIT,182.95,96,,1276,NEW,
1277,MSFT,BUY,LIMIT,403.57,81,,1277,NEW,
1278,META,SELL,LIMIT,641.91,80,,1278,NEW,
1279,META,BUY,LIMIT,641.98,868,,1279,NEW,
1280,MSFT,BUY,LIMIT,403.58,104,,1280,NEW,
1281,META,BUY,LIMIT,642.24,977,,1281,NEW,
1282,META,SELL,LIMIT,642.7,104,,1282,NEW,
1283,TSLA,BUY,LIMIT,419.91,691,,1283,NEW,
1284,GOOGL,BUY,LIMIT,305.37,754,,1284,NEW,
1285,TSLA,BUY,LIMIT,420.39,91,,1285,NEW,
1286,MSFT,BUY,LIMIT,403.84,7,,1286,NEW,
1287,SPY,BUY,LIMIT,680.97,79,,1287,NEW,
1288,GOOGL,SELL,LIMIT,305.45,62,,1288,NEW,
1289,AMZN,SELL,LIMIT,198.21,20,,1289,NEW,
1290,TSLA,BUY,LIMIT,420.6,59,,1290,NEW,
1291,SPY,SELL,LIMIT,681.21,85,,1291,NEW,
1292,AAPL,SELL,LIMIT,255.57,105,,1292,NEW,
1293,TSLA,BUY,LIMIT,420.72,78,,1293,NEW,
1294,NVDA,BUY,LIMIT,182.96,101,,1294,NEW,
1295,AAPL,SELL,LIMIT,255.69,49,,1295,NEW,
1296,SPY,BUY,LIMIT,681.08,1155,,1296,NEW,
1297,GOOGL,SELL,LIMIT,305.45,52,,1297,NEW,
1298,NVDA,BUY,LIMIT,182.99,87,,1298,NEW,
1299,MSFT,BUY,LIMIT,403.93,85,,1299,NEW,
1300,SPY,BUY,LIMIT,681.15,84,,1300,NEW,
1301,AAPL,SELL,LIMIT,255.74,1202,,1301,NEW,
1302,NVDA,SELL,LIMIT,183.07,44,,1302,NEW,
1303,MSFT,BUY,LIMIT,404,36,,1303,NEW,
1304,GOOGL,BUY,LIMIT,305.44,69,,1304,NEW,
1305,NVDA,BUY,LIMIT,183.24,47,,1305,NEW,
1306,AAPL,SELL,LIMIT,255.7,87,,1306,NEW,
1307,AAPL,SELL,LIMIT,255.65,34,,1307,NEW,
1308,NVDA,SELL,LIMIT,183.27,58,,1308,NEW,
1309,AAPL,SELL,LIMIT,255.59,1,,1309,NEW,
1310,AMZN,BUY,LIMIT,198.17,95,,1310,NEW,
1311,AAPL,SELL,LIMIT,255.55,104,,1311,NEW,
1312,META,BUY,LIMIT,642.4,92,,1312,NEW,
1313,AAPL,BUY,LIMIT,255.51,120,,1313,NEW,
1314,TSLA,SELL,LIMIT,420.61,97,,1314,NEW,
1315,AAPL,SELL,LIMIT,255.47,4,,1315,NEW,
1316,NVDA,SELL,LIMIT,183.32,1587,,1316,NEW,
1317,SPY,SELL,LIMIT,681.12,74,,1317,NEW,
1318,AMZN,BUY,LIMIT,198.2,1445,,1318,NEW,
1319,NVDA,BUY,LIMIT,183.22,81,,1319,NEW,
1320,AAPL,BUY,LIMIT,255.31,457,,1320,NEW,
1321,AAPL,BUY,LIMIT,255.31,117,,1321,NEW,
1322,TSLA,SELL,LIMIT,420.71,11,,1322,NEW,
1323,TSLA,SELL,LIMIT,420.84,117,,1323,NEW,
1324,META,BUY,LIMIT,642.46,36,,1324,NEW,
1325,TSLA,BUY,LIMIT,420.63,25,,1325,NEW,
1326,MSFT,BUY,LIMIT,404.02,37,,1326,NEW,
1327,SPY,SELL,LIMIT,681.29,37,,1327,NEW,
1328,GOOGL,SELL,LIMIT,305.58,64,,1328,NEW,
1329,TSLA,SELL,LIMIT,420.87,31,,1329,NEW,
1330,AAPL,SELL,LIMIT,255.4,1082,,1330,NEW,
1331,SPY,BUY,LIMIT,681.21,7,,1331,NEW,
1332,AMZN,BUY,LIMIT,198.15,70,,1332,NEW,
1333,AMZN,SELL,LIMIT,198.32,116,,1333,NEW,
1334,MSFT,BUY,LIMIT,403.93,14,,1334,NEW,
1335,MSFT,SELL,LIMIT,404.1,28,,1335,NEW,
1336,MSFT,SELL,LIMIT,404.18,119,,1336,NEW,
1337,AAPL,BUY,LIMIT,255.26,65,,1337,NEW,
1338,AMZN,SELL,LIMIT,198.34,120,,1338,NEW,
1339,AMZN,BUY,LIMIT,198.33,5,,1339,NEW,
1340,MSFT,SELL,LIMIT,404.15,35,,1340,NEW,
1341,META,BUY,LIMIT,642.24,8,,1341,NEW,
1342,TSLA,BUY,LIMIT,420.57,34,,1342,NEW,
1343,AMZN,BUY,LIMIT,198.28,98,,1343,NEW,
1344,AAPL,BUY,LIMIT,255.28,83,,1344,NEW,
1345,AMZN,BUY,LIMIT,198.31,49,,1345,NEW,
1346,GOOGL,BUY,LIMIT,305.45,93,,1346,NEW,
1347,MSFT,BUY,LIMIT,404.07,21,,1347,NEW,
1348,GOOGL,BUY,LIMIT,305.61,28,,1348,NEW,
1349,SPY,SELL,LIMIT,681.43,17,,1349,NEW,
1350,SPY,BUY,LIMIT,681.03,94,,1350,NEW,
1351,SPY,SELL,LIMIT,681.54,22,,1351,NEW,
1352,AAPL,BUY,LIMIT,255.33,34,,1352,NEW,
1353,NVDA,SELL,LIMIT,183.34,108,,1353,NEW,
1354,SPY,SELL,LIMIT,681.57,70,,1354,NEW,
1355,SPY,BUY,LIMIT,681.47,102,,1355,NEW,
1356,TSLA,SELL,LIMIT,420.54,113,,1356,NEW,
1357,SPY,BUY,LIMIT,681.5,99,,1357,NEW,
1358,AAPL,BUY,LIMIT,255.26,55,,1358,NEW,
1359,TSLA,SELL,LIMIT,420.37,104,,1359,NEW,
1360,GOOGL,BUY,LIMIT,305.52,35,,1360,NEW,
1361,AAPL,BUY,LIMIT,255.22,46,,1361,NEW,
1362,AAPL,BUY,LIMIT,255.19,41,,1362,NEW,
1363,SPY,SELL,LIMIT,681.72,15,,1363,NEW,
1364,AAPL,BUY,LIMIT,255.15,22,,1364,NEW,
1365,MSFT,BUY,LIMIT,404.03,87,,1365,NEW,
1366,MSFT,BUY,LIMIT,403.95,101,,1366,NEW,
1367,SPY,SELL,LIMIT,681.62,109,,1367,NEW,
1368,META,BUY,LIMIT,642.36,73,,1368,NEW,
1369,GOOGL,SELL,LIMIT,305.63,55,,1369,NEW,
1370,GOOGL,BUY,LIMIT,305.5,86,,1370,NEW,
1371,NVDA,SELL,LIMIT,183.38,11,,1371,NEW,
1372,NVDA,SELL,LIMIT,183.34,70,,1372,NEW,
1373,SPY,SELL,LIMIT,681.6,115,,1373,NEW,
1374,SPY,BUY,LIMIT,681.49,13,,1374,NEW,
1375,META,SELL,LIMIT,642.48,1773,,1375,NEW,
1376,AAPL,BUY,LIMIT,255.2,82,,1376,NEW,
1377,TSLA,BUY,LIMIT,420.07,73,,1377,NEW,
1378,SPY,SELL,LIMIT,681.82,13,,1378,NEW,
1379,TSLA,BUY,LIMIT,420.31,9,,1379,NEW,
1380,AAPL,BUY,LIMIT,255.18,36,,1380,NEW,
1381,AMZN,BUY,LIMIT,198.3,91,,1381,NEW,
1382,AAPL,BUY,LIMIT,255.05,56,,1382,NEW,
1383,MSFT,BUY,LIMIT,404.15,38,,1383,NEW,
1384,SPY,SELL,LIMIT,681.69,34,,1384,NEW,
1385,TSLA,SELL,LIMIT,420.48,365,,1385,NEW,
1386,TSLA,SELL,LIMIT,420.56,81,,1386,NEW,
1387,GOOGL,SELL,LIMIT,305.62,32,,1387,NEW,
1388,GOOGL,SELL,LIMIT,305.54,93,,1388,NEW,
1389,SPY,SELL,LIMIT,681.68,115,,1389,NEW,
1390,NVDA,SELL,LIMIT,183.49,8,,1390,NEW,
1391,MSFT,BUY,LIMIT,404.19,1274,,1391,NEW,
1392,GOOGL,BUY,LIMIT,305.57,109,,1392,NEW,
1393,AAPL,SELL,LIMIT,255.23,86,,1393,NEW,
1394,TSLA,BUY,LIMIT,420.67,85,,1394,NEW,
1395,NVDA,SELL,LIMIT,183.51,1142,,1395,NEW,
1396,AAPL,SELL,LIMIT,255.19,52,,1396,NEW,
1397,NVDA,BUY,LIMIT,183.44,1672,,1397,NEW,
1398,MSFT,SELL,LIMIT,404.37,1119,,1398,NEW,
1399,MSFT,BUY,LIMIT,404.39,98,,1399,NEW,
1400,META,SELL,LIMIT,642.53,23,,1400,NEW,
1401,GOOGL,SELL,LIMIT,305.73,50,,1401,NEW,
1402,SPY,SELL,LIMIT,681.63,79,,1402,NEW,
1403,NVDA,BUY,LIMIT,183.46,41,,1403,NEW,
1404,AMZN,SELL,LIMIT,198.34,33,,1404,NEW,
1405,AAPL,SELL,LIMIT,255.22,94,,1405,NEW,
1406,MSFT,BUY,LIMIT,404.32,111,,1406,NEW,
1407,TSLA,BUY,LIMIT,420.47,56,,1407,NEW,
1408,GOOGL,BUY,LIMIT,305.65,72,,1408,NEW,
1409,TSLA,BUY,LIMIT,420.59,309,,1409,NEW,
1410,META,BUY,LIMIT,642.23,14,,1410,NEW,
1411,GOOGL,BUY,LIMIT,305.69,20,,1411,NEW,
1412,META,SELL,LIMIT,642.49,116,,1412,NEW,
1413,META,BUY,LIMIT,641.92,50,,1413,NEW,
1414,AMZN,BUY,LIMIT,198.26,9,,1414,NEW,
1415,SPY,SELL,LIMIT,681.8,91,,1415,NEW,
1416,GOOGL,BUY,LIMIT,305.78,70,,1416,NEW,
1417,MSFT,BUY,LIMIT,404.44,30,,1417,NEW,
1418,TSLA,SELL,LIMIT,420.98,101,,1418,NEW,
1419,AAPL,SELL,LIMIT,255.3,86,,1419,NEW,
1420,MSFT,SELL,LIMIT,404.54,7,,1420,NEW,
1421,NVDA,SELL,LIMIT,183.6,65,,1421,NEW,
1422,MSFT,SELL,LIMIT,404.55,109,,1422,NEW,
1423,SPY,BUY,LIMIT,681.66,19,,1423,NEW,
1424,META,BUY,LIMIT,642.22,206,,1424,NEW,
1425,SPY,SELL,LIMIT,681.79,46,,1425,NEW,
1426,MSFT,SELL,LIMIT,404.53,729,,1426,NEW,
1427,GOOGL,SELL,LIMIT,306.04,66,,1427,NEW,
1428,AAPL,BUY,LIMIT,255.16,20,,1428,NEW,
1429,AAPL,SELL,LIMIT,255.23,462,,1429,NEW,
1430,NVDA,BUY,LIMIT,183.54,49,,1430,NEW,
1431,SPY,SELL,LIMIT,681.69,62,,1431,NEW,
1432,NVDA,SELL,LIMIT,183.67,76,,1432,NEW,
1433,MSFT,SELL,LIMIT,404.46,120,,1433,NEW,
1434,MSFT,BUY,LIMIT,404.2,7,,1434,NEW,
1435,AMZN,BUY,LIMIT,198.28,44,,1435,NEW,
1436,AAPL,SELL,LIMIT,255.24,67,,1436,NEW,
1437,AAPL,BUY,LIMIT,255.12,58,,1437,NEW,
1438,AMZN,SELL,LIMIT,198.41,35,,1438,NEW,
1439,GOOGL,BUY,LIMIT,305.86,79,,1439,NEW,
1440,NVDA,SELL,LIMIT,183.65,100,,1440,NEW,
1441,GOOGL,BUY,LIMIT,305.88,28,,1441,NEW,
1442,AMZN,BUY,LIMIT,198.41,54,,1442,NEW,
1443,GOOGL,BUY,LIMIT,305.89,24,,1443,NEW,
1444,AMZN,BUY,LIMIT,198.43,49,,1444,NEW,
1445,SPY,BUY,LIMIT,681.39,95,,1445,NEW,
1446,GOOGL,SELL,LIMIT,305.95,102,,1446,NEW,
1447,META,BUY,LIMIT,642.03,640,,1447,NEW,
1448,AMZN,BUY,LIMIT,198.47,93,,1448,NEW,
1449,AAPL,BUY,LIMIT,255.18,35,,1449,NEW,
1450,TSLA,BUY,LIMIT,421.14,107,,1450,NEW,
1451,NVDA,SELL,LIMIT,183.66,65,,1451,NEW,
1452,MSFT,BUY,LIMIT,404.33,62,,1452,NEW,
1453,TSLA,SELL,LIMIT,421.12,1781,,1453,NEW,
1454,AMZN,SELL,LIMIT,198.56,227,,1454,NEW,
1455,META,SELL,LIMIT,641.92,43,,1455,NEW,
1456,GOOGL,SELL,LIMIT,305.81,1183,,1456,NEW,
1457,AAPL,BUY,LIMIT,255.13,1119,,1457,NEW,
1458,AAPL,BUY,LIMIT,255.1,25,,1458,NEW,
1459,AMZN,SELL,LIMIT,198.56,36,,1459,NEW,
1460,NVDA,SELL,LIMIT,183.72,60,,1460,NEW,
1461,AMZN,BUY,LIMIT,198.62,81,,1461,NEW,
1462,AMZN,BUY,LIMIT,198.64,14,,1462,NEW,
1463,META,BUY,LIMIT,642.03,64,,1463,NEW,
1464,NVDA,BUY,LIMIT,183.68,22,,1464,NEW,
1465,TSLA,BUY,LIMIT,421,57,,1465,NEW,
1466,SPY,BUY,LIMIT,681.4,62,,1466,NEW,
1467,AAPL,SELL,LIMIT,255.1,1053,,1467,NEW,
1468,SPY,SELL,LIMIT,681.64,75,,1468,NEW,
1469,TSLA,BUY,LIMIT,421,116,,1469,NEW,
1470,TSLA,BUY,LIMIT,421.06,1045,,1470,NEW,
1471,AAPL,BUY,LIMIT,255,74,,1471,NEW,
1472,AAPL,BUY,LIMIT,255.02,666,,1472,NEW,
1473,AAPL,SELL,LIMIT,255.02,100,,1473,NEW,
1474,SPY,SELL,LIMIT,681.84,78,,1474,NEW,
1475,SPY,SELL,LIMIT,682.03,4,,1475,NEW,
1476,TSLA,BUY,LIMIT,420.76,66,,1476,NEW,
1477,MSFT,BUY,LIMIT,404.32,43,,1477,NEW,
1478,AAPL,BUY,LIMIT,254.91,42,,1478,NEW,
1479,SPY,SELL,LIMIT,681.97,103,,1479,NEW,
1480,META,BUY,LIMIT,642.06,104,,1480,NEW,
1481,SPY,BUY,LIMIT,681.69,66,,1481,NEW,
1482,SPY,BUY,LIMIT,681.52,41,,1482,NEW,
1483,MSFT,SELL,LIMIT,404.55,68,,1483,NEW,
1484,MSFT,BUY,LIMIT,404.4,97,,1484,NEW,
1485,AAPL,SELL,LIMIT,255.02,49,,1485,NEW,
1486,SPY,SELL,LIMIT,681.84,1287,,1486,NEW,
1487,AMZN,SELL,LIMIT,198.69,826,,1487,NEW,
1488,NVDA,SELL,LIMIT,183.67,59,,1488,NEW,
1489,AMZN,SELL,LIMIT,198.71,106,,1489,NEW,
1490,AAPL,BUY,LIMIT,254.89,71,,1490,NEW,
1491,MSFT,SELL,LIMIT,404.62,61,,1491,NEW,
1492,MSFT,SELL,LIMIT,404.52,8,,1492,NEW,
1493,MSFT,SELL,LIMIT,404.45,46,,1493,NEW,
1494,AAPL,SELL,LIMIT,255,1508,,1494,NEW,
1495,MSFT,SELL,LIMIT,404.49,68,,1495,NEW,
1496,AAPL,SELL,LIMIT,254.97,78,,1496,NEW,
1497,GOOGL,SELL,LIMIT,305.81,31,,1497,NEW,
1498,NVDA,SELL,LIMIT,183.58,17,,1498,NEW,
1499,MSFT,SELL,LIMIT,404.55,70,,1499,NEW,
1500,MSFT,SELL,LIMIT,404.48,120,,1500,NEW,
1501,GOOGL,BUY,IOC,305.56,85,,1501,NEW,
1502,TSLA,,,,,,,CANCEL,192
1503,SPY,,CLOSE,,,,,CLOSE,
1504,TSLA,SELL,LIMIT,421.02,68,,1502,NEW,
1505,MSFT,,,,,,,CANCEL,1118
1506,AAPL,SELL,LOC,254.99,7,,1503,NEW,
1507,MSFT,,,404.41,93,,,AMEND,59
1508,TSLA,,,,,,,CANCEL,405
1509,AAPL,SELL,ICEBERG,254.97,2453,72,1504,NEW,
1510,AMZN,SELL,FOK,198.69,5,,1505,NEW,
1511,GOOGL,SELL,IOC,305.62,1550,,1506,NEW,
1512,TSLA,SELL,LIMIT,420.88,1833,,1507,NEW,
1513,TSLA,,,420.78,168,,,AMEND,1469
1514,GOOGL,BUY,LIMIT,305.55,57,,1508,NEW,
1515,TSLA,BUY,LIMIT,420.73,44,,1509,NEW,
1516,GOOGL,BUY,MARKET,,84,,1510,NEW,
1517,TSLA,SELL,FOK,420.94,80,,1511,NEW,
1518,AAPL,SELL,FOK,254.89,71,,1512,NEW,
1519,MSFT,BUY,LIMIT,404.25,57,,1513,NEW,
1520,META,SELL,LIMIT,642.49,84,,1514,NEW,
1521,AAPL,,,,,,,CANCEL,1214
1522,MSFT,BUY,ICEBERG,404.11,2059,217,1515,NEW,
1523,AAPL,,,,,,,CANCEL,1059
1524,META,,,,,,,CANCEL,330
1525,NVDA,BUY,LIMIT,183.57,119,,1516,NEW,
1526,AAPL,BUY,LIMIT,254.77,54,,1517,NEW,
1527,SPY,BUY,LIMIT,681.68,60,,1518,NEW,
1528,SPY,BUY,LIMIT,681.55,1064,,1519,NEW,
1529,AAPL,,,255.94,267,,,AMEND,258
1530,TSLA,SELL,LIMIT,421,120,,1520,NEW,
1531,AAPL,SELL,MARKET,,79,,1521,NEW,
1532,NVDA,BUY,ICEBERG,183.53,2868,189,1522,NEW,
1533,TSLA,SELL,LOC,421.29,74,,1523,NEW,
1534,META,BUY,LIMIT,642.49,53,,1524,NEW,
1535,MSFT,,CLOSE,,,,,CLOSE,
1536,SPY,BUY,FOK,681.5,4,,1525,NEW,
1537,AAPL,BUY,LIMIT,254.71,66,,1526,NEW,
1538,SPY,,,,,,,CANCEL,960
1539,NVDA,,,183.57,106,,,AMEND,775
1540,AAPL,BUY,ICEBERG,254.72,643,249,1527,NEW,
1541,TSLA,,,,,,,CANCEL,133
1542,META,BUY,LIMIT,642.8,48,,1528,NEW,
1543,META,SELL,LIMIT,643.25,1504,,1529,NEW,
1544,AMZN,SELL,LIMIT,198.71,85,,1530,NEW,
1545,GOOGL,BUY,FOK,305.48,25,,1531,NEW,
1546,AMZN,SELL,IOC,198.7,44,,1532,NEW,
1547,TSLA,BUY,FOK,421.1,22,,1533,NEW,
1548,GOOGL,BUY,ICEBERG,305.5,575,70,1534,NEW,
1549,TSLA,SELL,LIMIT,420.99,62,,1535,NEW,
1550,AMZN,BUY,IOC,198.63,12,,1536,NEW,
1551,TSLA,,,421.14,143,,,AMEND,931
1552,SPY,SELL,LIMIT,681.56,17,,1537,NEW,
1553,NVDA,BUY,LIMIT,183.56,92,,1538,NEW,
1554,AAPL,SELL,LIMIT,254.74,62,,1539,NEW,
1555,TSLA,SELL,FOK,421.02,57,,1540,NEW,
1556,NVDA,SELL,LIMIT,183.54,49,,1541,NEW,
1557,AAPL,BUY,ICEBERG,254.61,896,126,1542,NEW,
1558,SPY,SELL,MARKET,,51,,1543,NEW,
1559,MSFT,BUY,LOC,404.12,111,,1544,NEW,
1560,NVDA,SELL,LOC,183.48,1377,,1545,NEW,
1561,TSLA,SELL,MARKET,,45,,1546,NEW,
1562,AAPL,BUY,IOC,254.58,1357,,1547,NEW,
1563,NVDA,BUY,LIMIT,183.31,53,,1548,NEW,
1564,GOOGL,,,305.4,27,,,AMEND,631
1565,META,SELL,LIMIT,643.07,84,,1549,NEW,
1566,AMZN,BUY,MOC,,93,,1550,NEW,
1567,AMZN,BUY,ICEBERG,198.63,1659,118,1551,NEW,
1568,AMZN,SELL,LIMIT,198.74,41,,1552,NEW,
1569,TSLA,SELL,IOC,420.86,99,,1553,NEW,
1570,AAPL,,,,,,,CANCEL,33072
1571,NVDA,,,183.4,1,,,AMEND,645
1572,META,BUY,LIMIT,643,92,,1554,NEW,
1573,AAPL,BUY,MARKET,,99,,1555,NEW,
1574,GOOGL,BUY,MOC,,64,,1556,NEW,
1575,MSFT,SELL,LIMIT,404.37,105,,1557,NEW,
1576,NVDA,SELL,IOC,183.5,90,,1558,NEW,
1577,AAPL,SELL,IOC,254.68,18,,1559,NEW,
1578,MSFT,,,,,,,CANCEL,23767
1579,AAPL,BUY,LIMIT,254.57,86,,1560,NEW,
1580,AMZN,BUY,ICEBERG,198.68,2640,12,1561,NEW,
1581,MSFT,SELL,LIMIT,404.29,26,,1562,NEW,
1582,TSLA,SELL,LIMIT,420.77,29,,1563,NEW,
1583,MSFT,SELL,FOK,404.4,112,,1564,NEW,
1584,MSFT,SELL,MARKET,,40,,1565,NEW,
1585,META,SELL,MARKET,,119,,1566,NEW,
1586,TSLA,BUY,LIMIT,420.76,85,,1567,NEW,
1587,GOOGL,SELL,MOC,,72,,1568,NEW,
1588,GOOGL,SELL,LOC,305.57,47,,1569,NEW,
1589,AAPL,SELL,FOK,254.67,62,,1570,NEW,
1590,META,BUY,FOK,642.86,63,,1571,NEW,
1591,SPY,BUY,IOC,681.47,28,,1572,NEW,
1592,SPY,,,681.47,4,,,AMEND,1331
1593,GOOGL,BUY,MARKET,,916,,1573,NEW,
1594,AMZN,SELL,FOK,198.71,108,,1574,NEW,
1595,META,BUY,MARKET,,31,,1575,NEW,
1596,AMZN,SELL,MARKET,,118,,1576,NEW,
1597,AAPL,BUY,LIMIT,254.59,87,,1577,NEW,
1598,META,SELL,LIMIT,643.05,86,,1578,NEW,
1599,GOOGL,SELL,ICEBERG,305.63,1432,138,1579,NEW,
1600,MSFT,BUY,LIMIT,404.24,47,,1580,NEW,
1601,MSFT,SELL,LIMIT,404.39,63,,1581,NEW,
1602,META,,,642.63,25,,,AMEND,1312
1603,MSFT,BUY,ICEBERG,404.24,815,195,1582,NEW,
1604,AAPL,SELL,FOK,254.61,35,,1583,NEW,
1605,NVDA,SELL,LIMIT,183.36,66,,1584,NEW,
1606,AAPL,SELL,ICEBERG,254.68,2957,138,1585,NEW,
1607,META,SELL,LIMIT,642.9,24,,1586,NEW,
1608,SPY,SELL,LIMIT,681.59,8,,1587,NEW,
1609,AMZN,SELL,LIMIT,198.72,805,,1588,NEW,
1610,AAPL,SELL,ICEBERG,254.74,2829,234,1589,NEW,
1611,AAPL,BUY,LIMIT,254.68,10,,1590,NEW,
1612,TSLA,SELL,LIMIT,420.96,9,,1591,NEW,
1613,AAPL,SELL,IOC,254.67,60,,1592,NEW,
1614,GOOGL,BUY,MARKET,,22,,1593,NEW,
1615,MSFT,BUY,LOC,404.25,55,,1594,NEW,
1616,GOOGL,SELL,LIMIT,305.69,73,,1595,NEW,
1617,AAPL,,,255.21,1,,,AMEND,993
1618,TSLA,SELL,MARKET,,74,,1596,NEW,
1619,MSFT,BUY,IOC,404.2,35,,1597,NEW,
1620,NVDA,SELL,IOC,183.36,109,,1598,NEW,
1621,NVDA,SELL,LOC,183.55,24,,1599,NEW,
1622,GOOGL,BUY,FOK,305.61,55,,1600,NEW,
1623,AAPL,BUY,MARKET,,21,,1601,NEW,
1624,SPY,,,,,,,CANCEL,1205
1625,GOOGL,BUY,ICEBERG,305.68,818,44,1602,NEW,
1626,AMZN,,,,,,,CANCEL,750
1627,NVDA,BUY,ICEBERG,183.46,1865,247,1603,NEW,
1628,AAPL,BUY,MOC,,111,,1604,NEW,
1629,TSLA,SELL,ICEBERG,420.91,2006,104,1605,NEW,
1630,AAPL,SELL,MARKET,,462,,1606,NEW,
1631,TSLA,,,,,,,CANCEL,559
1632,GOOGL,,,,,,,CANCEL,1416
1633,AMZN,BUY,ICEBERG,198.64,1875,25,1607,NEW,
1634,SPY,BUY,ICEBERG,681.21,752,32,1608,NEW,
1635,NVDA,SELL,MARKET,,78,,1609,NEW,
1636,NVDA,SELL,MARKET,,94,,1610,NEW,
1637,AMZN,,,,,,,CANCEL,1101
1638,NVDA,,,183.19,240,,,AMEND,1077
1639,MSFT,BUY,MARKET,,84,,1611,NEW,
1640,GOOGL,SELL,LIMIT,305.79,1090,,1612,NEW,
1641,SPY,SELL,MOC,,120,,1613,NEW,
1642,TSLA,BUY,FOK,421.05,99,,1614,NEW,
1643,AAPL,BUY,ICEBERG,254.74,2377,176,1615,NEW,
1644,META,SELL,MARKET,,46,,1616,NEW,
1645,MSFT,SELL,ICEBERG,404.57,2388,37,1617,NEW,
1646,SPY,SELL,MARKET,,23,,1618,NEW,
1647,GOOGL,SELL,IOC,305.65,92,,1619,NEW,
1648,TSLA,BUY,ICEBERG,421.08,2509,197,1620,NEW,
1649,AAPL,SELL,LIMIT,254.82,74,,1621,NEW,
1650,AAPL,BUY,LOC,254.72,44,,1622,NEW,
1651,NVDA,SELL,MARKET,,112,,1623,NEW,
1652,AAPL,,,254.81,1,,,AMEND,328
1653,AAPL,,,,,,,CANCEL,337
1654,NVDA,BUY,LIMIT,183.52,36,,1624,NEW,
1655,SPY,SELL,LIMIT,681.33,2,,1625,NEW,
1656,SPY,BUY,ICEBERG,681.06,968,215,1626,NEW,
1657,TSLA,SELL,MARKET,,14,,1627,NEW,
1658,SPY,SELL,LIMIT,681.21,102,,1628,NEW,
1659,MSFT,SELL,MARKET,,40,,1629,NEW,
1660,MSFT,BUY,MARKET,,1,,1630,NEW,
1661,AAPL,BUY,MARKET,,39,,1631,NEW,
1662,MSFT,SELL,LIMIT,404.89,50,,1632,NEW,
1663,MSFT,,CLOSE,,,,,CLOSE,
1664,TSLA,SELL,MARKET,,54,,1633,NEW,
1665,AAPL,BUY,ICEBERG,254.64,2991,181,1634,NEW,
1666,MSFT,SELL,IOC,404.91,28,,1635,NEW,
1667,AAPL,BUY,LOC,254.7,71,,1636,NEW,
1668,AMZN,BUY,LIMIT,198.66,77,,1637,NEW,
1669,SPY,SELL,MARKET,,94,,1638,NEW,
1670,TSLA,SELL,LIMIT,421.83,54,,1639,NEW,
1671,NVDA,BUY,LIMIT,183.49,67,,1640,NEW,
1672,SPY,BUY,LIMIT,680.67,69,,1641,NEW,
1673,SPY,BUY,LIMIT,680.77,69,,1642,NEW,
1674,SPY,SELL,LIMIT,681.18,482,,1643,NEW,
1675,META,SELL,LIMIT,643.07,100,,1644,NEW,
1676,AAPL,SELL,LOC,254.82,78,,1645,NEW,
1677,AAPL,BUY,FOK,254.68,449,,1646,NEW,
1678,SPY,BUY,ICEBERG,680.85,1438,30,1647,NEW,
1679,GOOGL,,,,,,,CANCEL,611
1680,META,BUY,FOK,643.09,10,,1648,NEW,
1681,TSLA,SELL,MARKET,,17,,1649,NEW,
1682,AAPL,BUY,ICEBERG,254.64,2645,211,1650,NEW,
1683,MSFT,BUY,LIMIT,404.97,40,,1651,NEW,
1684,AAPL,SELL,IOC,254.65,52,,1652,NEW,
1685,NVDA,SELL,FOK,183.53,42,,1653,NEW,
1686,SPY,BUY,LIMIT,680.58,46,,1654,NEW,
1687,AAPL,SELL,MARKET,,109,,1655,NEW,
1688,META,BUY,LIMIT,643.03,75,,1656,NEW,
1689,GOOGL,BUY,LIMIT,305.58,1588,,1657,NEW,
1690,AAPL,SELL,LIMIT,254.76,30,,1658,NEW,
1691,MSFT,BUY,LIMIT,405.05,84,,1659,NEW,
1692,MSFT,,,404.99,109,,,AMEND,364
1693,META,SELL,IOC,643.14,94,,1660,NEW,
1694,AMZN,BUY,IOC,198.55,88,,1661,NEW,
1695,SPY,SELL,LIMIT,680.85,112,,1662,NEW,
1696,AMZN,BUY,LIMIT,198.59,409,,1663,NEW,
1697,META,BUY,LIMIT,642.62,13,,1664,NEW,
1698,NVDA,BUY,ICEBERG,183.46,2881,33,1665,NEW,
1699,NVDA,SELL,ICEBERG,183.43,2537,29,1666,NEW,
1700,AMZN,SELL,MARKET,,89,,1667,NEW,
1701,SPY,SELL,LOC,680.88,59,,1668,NEW,
1702,GOOGL,SELL,LIMIT,305.64,966,,1669,NEW,
1703,TSLA,,,,,,,CANCEL,1502
1704,NVDA,,,183.36,61,,,AMEND,1276
1705,NVDA,SELL,IOC,183.33,32,,1670,NEW,
1706,GOOGL,SELL,IOC,305.49,118,,1671,NEW,
1707,NVDA,,,183.29,99,,,AMEND,942
1708,META,BUY,LIMIT,642.32,73,,1672,NEW,
1709,META,,,,,,,CANCEL,621
1710,META,SELL,LIMIT,642.39,18,,1673,NEW,
1711,NVDA,SELL,LIMIT,183.35,110,,1674,NEW,
1712,AMZN,BUY,IOC,198.63,57,,1675,NEW,
1713,MSFT,BUY,ICEBERG,405,1406,27,1676,NEW,
1714,META,SELL,LIMIT,642.26,61,,1677,NEW,
1715,NVDA,BUY,LIMIT,183.3,1638,,1678,NEW,
1716,NVDA,SELL,MARKET,,81,,1679,NEW,
1717,NVDA,BUY,LOC,183.22,1460,,1680,NEW,
1718,TSLA,BUY,LIMIT,421.78,50,,1681,NEW,
1719,NVDA,SELL,LIMIT,183.37,910,,1682,NEW,
1720,AMZN,SELL,LIMIT,198.69,75,,1683,NEW,
1721,MSFT,SELL,LOC,405.01,6,,1684,NEW,
1722,GOOGL,,,305.47,34,,,AMEND,758
1723,MSFT,,,,,,,CANCEL,1483
1724,TSLA,,,417.31,434,,,AMEND,6
1725,AAPL,SELL,LIMIT,254.7,54,,1685,NEW,
1726,AAPL,,,,,,,CANCEL,839
1727,AAPL,BUY,MARKET,,1423,,1686,NEW,
1728,AAPL,SELL,MARKET,,18,,1687,NEW,
1729,NVDA,SELL,FOK,183.36,81,,1688,NEW,
1730,NVDA,,,,,,,CANCEL,493
1731,MSFT,,,404.91,1,,,AMEND,1420
1732,AAPL,,,,,,,CANCEL,1313
1733,NVDA,BUY,MARKET,,79,,1689,NEW,
1734,AMZN,SELL,IOC,198.63,59,,1690,NEW,
1735,NVDA,SELL,LIMIT,183.48,1603,,1691,NEW,
1736,AAPL,SELL,MARKET,,2,,1692,NEW,
1737,META,SELL,LIMIT,642.15,103,,1693,NEW,
1738,AMZN,SELL,ICEBERG,198.61,2715,236,1694,NEW,
1739,SPY,SELL,MARKET,,106,,1695,NEW,
1740,MSFT,SELL,MOC,,35,,1696,NEW,
1741,META,SELL,MARKET,,108,,1697,NEW,
1742,NVDA,SELL,LIMIT,183.53,236,,1698,NEW,
1743,TSLA,BUY,LIMIT,421.89,119,,1699,NEW,
1744,NVDA,BUY,MARKET,,26,,1700,NEW,
1745,TSLA,BUY,LIMIT,421.86,38,,1701,NEW,
1746,SPY,SELL,FOK,681.03,3,,1702,NEW,
1747,MSFT,BUY,MARKET,,7,,1703,NEW,
1748,GOOGL,,,,,,,CANCEL,738
1749,NVDA,SELL,LOC,183.64,104,,1704,NEW,
1750,AAPL,SELL,MARKET,,32,,1705,NEW,
1751,AMZN,SELL,LIMIT,198.61,115,,1706,NEW,
1752,MSFT,BUY,LIMIT,405.08,65,,1707,NEW,
1753,TSLA,SELL,LIMIT,422.01,18,,1708,NEW,
1754,NVDA,,,,,,,CANCEL,39
1755,TSLA,,,417.33,271,,,AMEND,16
1756,GOOGL,,,,,,,CANCEL,588
1757,SPY,SELL,IOC,680.7,36,,1709,NEW,
1758,NVDA,SELL,LIMIT,183.55,58,,1710,NEW,
1759,META,SELL,LIMIT,642.33,23,,1711,NEW,
1760,SPY,BUY,LIMIT,680.32,94,,1712,NEW,
1761,TSLA,SELL,LIMIT,422.46,19,,1713,NEW,
1762,NVDA,BUY,ICEBERG,183.43,2771,145,1714,NEW,
1763,MSFT,BUY,FOK,405.18,55,,1715,NEW,
1764,AAPL,,,256.01,28,,,AMEND,218
1765,AMZN,BUY,ICEBERG,198.56,2854,192,1716,NEW,
1766,AAPL,,,,,,,CANCEL,705
1767,META,SELL,LIMIT,642.28,39,,1717,NEW,
1768,AAPL,SELL,LIMIT,254.62,638,,1718,NEW,
1769,MSFT,SELL,IOC,405.43,229,,1719,NEW,
1770,AAPL,,,254.68,1,,,AMEND,414
1771,SPY,,,680.19,64,,,AMEND,81
1772,MSFT,SELL,MARKET,,77,,1720,NEW,
1773,AAPL,SELL,FOK,254.61,81,,1721,NEW,
1774,AMZN,,,198.43,33,,,AMEND,1444
1775,GOOGL,SELL,MARKET,,65,,1722,NEW,
1776,SPY,BUY,LIMIT,680.11,86,,1723,NEW,
1777,GOOGL,SELL,ICEBERG,305.53,2724,159,1724,NEW,
1778,NVDA,BUY,MARKET,,48,,1725,NEW,
1779,TSLA,BUY,LIMIT,422.57,57,,1726,NEW,
1780,SPY,BUY,MARKET,,2,,1727,NEW,
1781,NVDA,BUY,ICEBERG,183.3,1668,100,1728,NEW,
1782,TSLA,SELL,LIMIT,422.74,117,,1729,NEW,
1783,TSLA,BUY,ICEBERG,422.82,888,82,1730,NEW,
1784,NVDA,SELL,ICEBERG,183.38,908,179,1731,NEW,
1785,MSFT,,,402.95,1217,,,AMEND,425
1786,MSFT,BUY,IOC,405.08,104,,1732,NEW,
1787,AAPL,BUY,LIMIT,254.57,113,,1733,NEW,
1788,AAPL,BUY,ICEBERG,254.55,2206,186,1734,NEW,
1789,AAPL,,,254.66,1532,,,AMEND,338
1790,AAPL,,,254.58,1248,,,AMEND,499
1791,AMZN,BUY,MARKET,,37,,1735,NEW,
1792,NVDA,BUY,LIMIT,183.42,79,,1736,NEW,
1793,MSFT,SELL,LIMIT,405.1,104,,1737,NEW,
1794,MSFT,,,404.91,180,,,AMEND,1420
1795,SPY,BUY,LIMIT,680.21,19,,1738,NEW,
1796,TSLA,,,,,,,CANCEL,83
1797,AAPL,BUY,LIMIT,254.57,54,,1739,NEW,
1798,NVDA,,,183.41,1048,,,AMEND,642
1799,AMZN,BUY,MARKET,,97,,1740,NEW,
1800,META,,,642.01,26,,,AMEND,897
1801,MSFT,,CLOSE,,,,,CLOSE,
1802,GOOGL,SELL,LIMIT,305.52,15,,1741,NEW,
1803,META,SELL,LIMIT,642.1,72,,1742,NEW,
1804,MSFT,BUY,IOC,404.89,95,,1743,NEW,
1805,MSFT,SELL,LIMIT,404.82,120,,1744,NEW,
1806,SPY,SELL,LIMIT,680.61,33,,1745,NEW,
1807,AAPL,BUY,LIMIT,254.61,39,,1746,NEW,
1808,AMZN,SELL,LIMIT,198.76,86,,1747,NEW,
1809,AAPL,SELL,LIMIT,254.67,65,,1748,NEW,
1810,SPY,BUY,LIMIT,680.33,3,,1749,NEW,
1811,TSLA,BUY,ICEBERG,422.68,1739,16,1750,NEW,
1812,SPY,BUY,LIMIT,680.35,1,,1751,NEW,
1813,AAPL,BUY,FOK,254.48,24,,1752,NEW,
1814,AAPL,BUY,ICEBERG,254.49,1673,120,1753,NEW,
1815,META,,,642.05,322,,,AMEND,416
1816,META,BUY,IOC,641.81,117,,1754,NEW,
1817,MSFT,,,404.94,653,,,AMEND,72
1818,GOOGL,BUY,LIMIT,305.27,56,,1755,NEW,
1819,AAPL,BUY,IOC,254.56,117,,1756,NEW,
1820,META,SELL,LIMIT,642.08,69,,1757,NEW,
1821,AMZN,SELL,LIMIT,198.75,87,,1758,NEW,
1822,AMZN,,,,,,,CANCEL,604
1823,NVDA,SELL,LIMIT,183.51,91,,1759,NEW,
1824,AAPL,SELL,FOK,254.66,31,,1760,NEW,
1825,TSLA,SELL,ICEBERG,423.03,2776,88,1761,NEW,
1826,SPY,,,681.52,244,,,AMEND,1482
1827,TSLA,,,,,,,CANCEL,344
1828,SPY,SELL,MARKET,,119,,1762,NEW,
1829,META,SELL,ICEBERG,642,2593,19,1763,NEW,
1830,GOOGL,,CLOSE,,,,,CLOSE,
1831,NVDA,BUY,MARKET,,30,,1764,NEW,
1832,TSLA,,,423.06,41,,,AMEND,591
1833,NVDA,SELL,IOC,183.49,20,,1765,NEW,
1834,META,BUY,IOC,641.96,104,,1766,NEW,
1835,AAPL,BUY,LIMIT,254.62,62,,1767,NEW,
1836,AMZN,,,198.65,804,,,AMEND,34710
1837,GOOGL,BUY,FOK,305.3,85,,1768,NEW,
1838,NVDA,SELL,FOK,183.4,3,,1769,NEW,
1839,NVDA,BUY,LIMIT,183.36,46,,1770,NEW,
1840,NVDA,SELL,MARKET,,7,,1771,NEW,
1841,META,,,,,,,CANCEL,201
1842,GOOGL,BUY,MARKET,,120,,1772,NEW,
1843,META,SELL,ICEBERG,642.17,2031,50,1773,NEW,
1844,AAPL,BUY,LIMIT,254.56,54,,1774,NEW,
1845,TSLA,BUY,FOK,423.22,818,,1775,NEW,
1846,META,BUY,LIMIT,642.03,49,,1776,NEW,
1847,AMZN,BUY,LIMIT,198.67,82,,1777,NEW,
1848,TSLA,,,,,,,CANCEL,752
1849,TSLA,BUY,MARKET,,879,,1778,NEW,
1850,GOOGL,BUY,MOC,,9,,1779,NEW,
1851,AAPL,BUY,ICEBERG,254.56,2563,161,1780,NEW,
1852,SPY,SELL,LIMIT,680.71,505,,1781,NEW,
1853,TSLA,SELL,LIMIT,423.41,6,,1782,NEW,
1854,AAPL,SELL,FOK,254.6,81,,1783,NEW,
1855,SPY,SELL,IOC,680.45,63,,1784,NEW,
1856,GOOGL,SELL,MARKET,,68,,1785,NEW,
1857,MSFT,SELL,MARKET,,77,,1786,NEW,
1858,SPY,BUY,MARKET,,450,,1787,NEW,
1859,GOOGL,SELL,MARKET,,53,,1788,NEW,
1860,NVDA,BUY,IOC,183.32,55,,1789,NEW,
1861,NVDA,BUY,LIMIT,183.3,63,,1790,NEW,
1862,SPY,BUY,FOK,680.2,1614,,1791,NEW,
1863,NVDA,SELL,LIMIT,183.46,1106,,1792,NEW,
1864,AMZN,,,198.78,93,,,AMEND,1489
1865,AAPL,BUY,ICEBERG,254.63,2332,70,1793,NEW,
1866,MSFT,,,404.65,1,,,AMEND,70
1867,TSLA,SELL,ICEBERG,423.55,1459,161,1794,NEW,
1868,META,SELL,ICEBERG,642.39,913,52,1795,NEW,
1869,MSFT,,,404.74,1,,,AMEND,1434
1870,NVDA,BUY,MARKET,,119,,1796,NEW,
1871,AMZN,,,198.06,1,,,AMEND,1210
1872,NVDA,,,183.48,1,,,AMEND,1302
1873,AMZN,BUY,LOC,198.6,45,,1797,NEW,
1874,MSFT,,,,,,,CANCEL,1347
1875,NVDA,BUY,LIMIT,183.55,81,,1798,NEW,
1876,META,SELL,LIMIT,642.32,1914,,1799,NEW,
1877,SPY,BUY,LIMIT,680.39,10,,1800,NEW,
1878,AMZN,,,198.84,1,,,AMEND,74
1879,NVDA,,,,,,,CANCEL,505
1880,AMZN,,CLOSE,,,,,CLOSE,
1881,AAPL,SELL,LIMIT,254.78,93,,1801,NEW,
1882,MSFT,SELL,MARKET,,15,,1802,NEW,
1883,SPY,,,,,,,CANCEL,1643
1884,MSFT,BUY,ICEBERG,404.88,1359,62,1803,NEW,
1885,META,SELL,IOC,642.56,1886,,1804,NEW,
1886,META,BUY,MARKET,,74,,1805,NEW,
1887,MSFT,SELL,LIMIT,405.06,73,,1806,NEW,
1888,AMZN,SELL,IOC,198.69,1,,1807,NEW,
1889,TSLA,,,,,,,CANCEL,269
1890,META,BUY,ICEBERG,642.84,2698,85,1808,NEW,
1891,META,BUY,LOC,642.9,9,,1809,NEW,
1892,SPY,BUY,ICEBERG,680.43,332,54,1810,NEW,
1893,MSFT,BUY,LIMIT,404.81,55,,1811,NEW,
1894,GOOGL,,,305.61,46,,,AMEND,30
1895,NVDA,SELL,MOC,,12,,1812,NEW,
1896,AMZN,,,198.64,220,,,AMEND,1404
1897,AAPL,,,254.79,40,,,AMEND,116
1898,AMZN,,,,,,,CANCEL,920
1899,TSLA,SELL,ICEBERG,423.52,2357,33,1813,NEW,
1900,TSLA,,,,,,,CANCEL,660
1901,MSFT,BUY,LIMIT,404.66,71,,1814,NEW,
1902,NVDA,SELL,LIMIT,183.62,119,,1815,NEW,
1903,AAPL,SELL,LIMIT,254.95,44,,1816,NEW,
1904,MSFT,,,,,,,CANCEL,510
1905,TSLA,BUY,LIMIT,423.42,27,,1817,NEW,
1906,SPY,,,680.58,25,,,AMEND,1654
1907,NVDA,BUY,LIMIT,183.58,839,,1818,NEW,
1908,AAPL,,CLOSE,,,,,CLOSE,
1909,MSFT,BUY,LIMIT,404.64,798,,1819,NEW,
1910,MSFT,BUY,LIMIT,404.55,87,,1820,NEW,
1911,MSFT,SELL,LIMIT,404.66,116,,1821,NEW,
1912,META,,,642.89,1364,,,AMEND,370
1913,AAPL,BUY,FOK,254.86,107,,1822,NEW,
1914,NVDA,SELL,LIMIT,183.57,26,,1823,NEW,
1915,GOOGL,SELL,IOC,305.52,9,,1824,NEW,
1916,SPY,BUY,LIMIT,680.3,33,,1825,NEW,
1917,TSLA,BUY,LOC,423.49,884,,1826,NEW,
1918,AAPL,BUY,LIMIT,254.78,85,,1827,NEW,
1919,SPY,BUY,IOC,680.23,81,,1828,NEW,
1920,NVDA,,,183.02,627,,,AMEND,1225
1921,AMZN,,,,,,,CANCEL,511
1922,META,BUY,LIMIT,643.23,120,,1829,NEW,
1923,GOOGL,SELL,LIMIT,305.48,94,,1830,NEW,
1924,GOOGL,BUY,MOC,,69,,1831,NEW,
1925,AAPL,SELL,LIMIT,254.83,17,,1832,NEW,
1926,MSFT,BUY,MARKET,,76,,1833,NEW,
1927,AMZN,SELL,LIMIT,198.68,24,,1834,NEW,
1928,AAPL,BUY,MARKET,,27,,1835,NEW,
1929,SPY,SELL,LIMIT,680.26,644,,1836,NEW,
1930,META,BUY,FOK,643.16,233,,1837,NEW,
1931,MSFT,SELL,MARKET,,96,,1838,NEW,
1932,NVDA,BUY,LIMIT,183.41,1027,,1839,NEW,
1933,MSFT,BUY,LIMIT,404.56,72,,1840,NEW,
1934,SPY,,,680.34,10,,,AMEND,1363
1935,AAPL,,,255.01,2763,,,AMEND,1589
1936,AMZN,,,,,,,CANCEL,475
1937,MSFT,,,,,,,CANCEL,397
1938,TSLA,SELL,LIMIT,423.81,112,,1841,NEW,
1939,META,SELL,ICEBERG,643.13,1581,195,1842,NEW,
1940,META,,,639.51,120,,,AMEND,924
1941,AAPL,,,255.02,31,,,AMEND,696
1942,NVDA,BUY,LOC,183.47,2,,1843,NEW,
1943,AAPL,BUY,LIMIT,254.91,57,,1844,NEW,
1944,AMZN,BUY,LIMIT,198.6,81,,1845,NEW,
1945,TSLA,SELL,LIMIT,423.99,24,,1846,NEW,
1946,AAPL,BUY,LIMIT,254.87,31,,1847,NEW,
1947,SPY,BUY,ICEBERG,680.02,2264,206,1848,NEW,
1948,TSLA,BUY,LOC,423.93,111,,1849,NEW,
1949,NVDA,,,,,,,CANCEL,1063
1950,AMZN,,,,,,,CANCEL,1042
1951,META,BUY,IOC,642.78,101,,1850,NEW,
1952,SPY,BUY,FOK,679.95,81,,1851,NEW,
1953,GOOGL,,,,,,,CANCEL,798
1954,MSFT,,,403.07,1,,,AMEND,1038
1955,GOOGL,BUY,LIMIT,305.31,83,,1852,NEW,
1956,GOOGL,BUY,LIMIT,305.33,94,,1853,NEW,
1957,AMZN,BUY,LIMIT,198.55,27,,1854,NEW,
1958,MSFT,SELL,MARKET,,28,,1855,NEW,
1959,MSFT,SELL,LIMIT,404.81,30,,1856,NEW,
1960,SPY,SELL,LOC,680.19,88,,1857,NEW,
1961,SPY,SELL,LIMIT,680.23,27,,1858,NEW,
1962,TSLA,BUY,IOC,424.06,1119,,1859,NEW,
1963,GOOGL,,,,,,,CANCEL,828
1964,MSFT,SELL,LIMIT,404.85,1392,,1860,NEW,
1965,AAPL,BUY,IOC,254.92,31,,1861,NEW,
1966,MSFT,BUY,ICEBERG,404.74,2843,163,1862,NEW,
1967,MSFT,,,404.7,237,,,AMEND,1194
1968,SPY,BUY,MARKET,,392,,1863,NEW,
1969,AAPL,,,255.03,58,,,AMEND,1419
1970,AAPL,BUY,ICEBERG,254.87,1178,24,1864,NEW,
1971,META,BUY,FOK,642.87,1376,,1865,NEW,
1972,AAPL,,,254.95,1,,,AMEND,275
1973,MSFT,,,,,,,CANCEL,1277
1974,AMZN,,,,,,,CANCEL,1080
1975,NVDA,BUY,IOC,183.57,965,,1866,NEW,
1976,GOOGL,SELL,MARKET,,29,,1867,NEW,
1977,AAPL,SELL,IOC,254.92,2,,1868,NEW,
1978,MSFT,BUY,FOK,404.77,46,,1869,NEW,
1979,AAPL,SELL,MARKET,,64,,1870,NEW,
1980,GOOGL,BUY,LIMIT,305.22,766,,1871,NEW,
1981,META,SELL,LOC,643.22,33,,1872,NEW,
1982,SPY,SELL,LIMIT,680.23,108,,1873,NEW,
1983,META,BUY,LIMIT,642.73,15,,1874,NEW,
1984,AAPL,SELL,LIMIT,254.96,120,,1875,NEW,
1985,SPY,BUY,ICEBERG,680.09,971,123,1876,NEW,
1986,MSFT,BUY,ICEBERG,404.67,1280,146,1877,NEW,
1987,GOOGL,,CLOSE,,,,,CLOSE,
1988,NVDA,BUY,LOC,183.57,44,,1878,NEW,
1989,AAPL,,,,,,,CANCEL,24
1990,NVDA,BUY,LIMIT,183.48,51,,1879,NEW,
1991,MSFT,BUY,LOC,404.75,88,,1880,NEW,
1992,AMZN,BUY,LIMIT,198.51,64,,1881,NEW,
1993,MSFT,SELL,FOK,404.83,82,,1882,NEW,
1994,MSFT,SELL,FOK,404.82,17,,1883,NEW,
1995,SPY,SELL,MARKET,,755,,1884,NEW,
1996,AMZN,BUY,MARKET,,31,,1885,NEW,
1997,GOOGL,SELL,MOC,,38,,1886,NEW,
1998,AAPL,SELL,MARKET,,49,,1887,NEW,
1999,SPY,BUY,LIMIT,679.88,91,,1888,NEW,
2000,NVDA,BUY,LOC,183.55,37,,1889,NEW,
2001,TSLA,,CLOSE,,,,,CLOSE,
2002,NVDA,SELL,LOC,183.65,56,,1890,NEW,
2003,META,,CLOSE,,,,,CLOSE,
2004,AAPL,BUY,ICEBERG,254.74,1625,181,1891,NEW,
2005,META,,,,,,,CANCEL,153
2006,AAPL,BUY,LOC,254.84,67,,1892,NEW,
2007,TSLA,SELL,IOC,424.3,4,,1893,NEW,
2008,AMZN,,,,,,,CANCEL,336
2009,AAPL,SELL,LIMIT,254.93,15,,1894,NEW,
2010,META,SELL,FOK,643.01,48,,1895,NEW,
2011,MSFT,BUY,LIMIT,404.62,9,,1896,NEW,
2012,NVDA,,,183.57,1086,,,AMEND,1792
2013,AAPL,SELL,ICEBERG,254.84,1145,125,1897,NEW,
2014,AMZN,SELL,LIMIT,198.59,1546,,1898,NEW,
2015,META,SELL,MARKET,,100,,1899,NEW,
2016,NVDA,BUY,LIMIT,183.5,10,,1900,NEW,
2017,GOOGL,SELL,LIMIT,305.23,61,,1901,NEW,
2018,MSFT,,,404.97,24,,,AMEND,1856
2019,AMZN,,,198.62,290,,,AMEND,939
2020,NVDA,,,183.43,61,,,AMEND,170
2021,META,BUY,FOK,642.52,3,,1902,NEW,
2022,AMZN,BUY,LIMIT,198.54,16,,1903,NEW,
2023,AMZN,SELL,MARKET,,109,,1904,NEW,
2024,TSLA,,,,,,,CANCEL,430
2025,GOOGL,,,,,,,CANCEL,1348
2026,TSLA,BUY,IOC,424.1,11,,1905,NEW,
2027,MSFT,BUY,LOC,405.03,70,,1906,NEW,
2028,TSLA,,,420.05,810,,,AMEND,1058
2029,GOOGL,SELL,MARKET,,57,,1907,NEW,
2030,NVDA,SELL,LIMIT,183.53,34,,1908,NEW,
2031,SPY,SELL,FOK,679.98,77,,1909,NEW,
2032,AAPL,,,254.73,68,,,AMEND,1393
2033,META,,,,,,,CANCEL,1763
2034,META,BUY,ICEBERG,642.98,1674,139,1910,NEW,
2035,AAPL,BUY,ICEBERG,254.57,2278,188,1911,NEW,
2036,TSLA,,,,,,,CANCEL,1701
2037,NVDA,BUY,LIMIT,183.48,12,,1912,NEW,
2038,AAPL,SELL,LIMIT,254.63,28,,1913,NEW,
2039,AMZN,,,198.61,41,,,AMEND,117
2040,TSLA,,,,,,,CANCEL,161
2041,META,SELL,ICEBERG,643.32,1939,56,1914,NEW,
2042,SPY,SELL,IOC,679.91,114,,1915,NEW,
2043,AMZN,BUY,LIMIT,198.52,22,,1916,NEW,
2044,AAPL,BUY,LIMIT,254.5,51,,1917,NEW,
2045,SPY,SELL,LIMIT,679.92,61,,1918,NEW,
2046,AMZN,,,198.56,71,,,AMEND,17127
2047,NVDA,BUY,ICEBERG,183.45,2628,149,1919,NEW,
2048,AMZN,BUY,LIMIT,198.53,78,,1920,NEW,
2049,NVDA,BUY,LIMIT,183.52,37,,1921,NEW,
2050,AAPL,,CLOSE,,,,,CLOSE,
2051,GOOGL,BUY,MARKET,,50,,1922,NEW,
2052,META,BUY,MARKET,,105,,1923,NEW,
2053,AMZN,SELL,ICEBERG,198.65,2283,14,1924,NEW,
2054,NVDA,,,183.66,5,,,AMEND,1451
2055,MSFT,,,,,,,CANCEL,1860
2056,TSLA,SELL,IOC,424.27,73,,1925,NEW,
2057,AAPL,,,254.95,1,,,AMEND,275
2058,MSFT,BUY,FOK,405.16,115,,1926,NEW,
2059,MSFT,,,403.02,1,,,AMEND,565
2060,MSFT,,,405.14,2803,,,AMEND,1862
2061,SPY,,,681.69,1,,,AMEND,1384
2062,MSFT,BUY,IOC,405.12,45,,1927,NEW,
2063,GOOGL,,,,,,,CANCEL,973
2064,GOOGL,,,305.17,81,,,AMEND,387
2065,TSLA,SELL,FOK,424.25,15,,1928,NEW,
2066,META,SELL,MARKET,,782,,1929,NEW,
2067,TSLA,SELL,ICEBERG,423.99,1141,241,1930,NEW,
2068,TSLA,,,,,,,CANCEL,777
2069,NVDA,SELL,MARKET,,103,,1931,NEW,
2070,MSFT,,,403.01,55,,,AMEND,827
2071,AMZN,SELL,MARKET,,47,,1932,NEW,
2072,AMZN,BUY,LOC,198.58,635,,1933,NEW,
2073,NVDA,,,,,,,CANCEL,207
2074,MSFT,SELL,FOK,405.16,43,,1934,NEW,
2075,AAPL,SELL,LIMIT,254.53,1983,,1935,NEW,
2076,AMZN,BUY,IOC,198.58,114,,1936,NEW,
2077,SPY,,,679.79,142,,,AMEND,1425
2078,AMZN,,,,,,,CANCEL,630
2079,SPY,SELL,LIMIT,679.79,90,,1937,NEW,
2080,GOOGL,BUY,ICEBERG,305.11,843,206,1938,NEW,
2081,NVDA,SELL,LIMIT,183.37,55,,1939,NEW,
2082,AMZN,,,,,,,CANCEL,1444
2083,MSFT,BUY,IOC,405.15,73,,1940,NEW,
2084,MSFT,BUY,LIMIT,405.14,55,,1941,NEW,
2085,META,BUY,MARKET,,37,,1942,NEW,
2086,SPY,SELL,LOC,679.96,28,,1943,NEW,
2087,AAPL,,,,,,,CANCEL,599
2088,AAPL,SELL,LIMIT,254.53,83,,1944,NEW,
2089,AMZN,,,198.57,17,,,AMEND,502
2090,MSFT,SELL,IOC,405.38,52,,1945,NEW,
2091,MSFT,SELL,LIMIT,405.4,49,,1946,NEW,
2092,META,BUY,IOC,643.84,105,,1947,NEW,
2093,AMZN,SELL,LIMIT,198.65,103,,1948,NEW,
2094,META,,,644.16,258,,,AMEND,401
2095,AMZN,BUY,MOC,,69,,1949,NEW,
2096,AMZN,SELL,LIMIT,198.63,44,,1950,NEW,
2097,AAPL,BUY,ICEBERG,254.41,891,111,1951,NEW,
2098,TSLA,BUY,LIMIT,424.08,61,,1952,NEW,
2099,GOOGL,SELL,LIMIT,305.09,76,,1953,NEW,
2100,GOOGL,SELL,ICEBERG,305.06,2628,74,1954,NEW,
2101,TSLA,SELL,IOC,424.21,21,,1955,NEW,
2102,SPY,,,,,,,CANCEL,1723
2103,AMZN,SELL,LOC,198.7,68,,1956,NEW,
2104,AAPL,SELL,MOC,,82,,1957,NEW,
2105,AAPL,BUY,MARKET,,49,,1958,NEW,
2106,META,,,,,,,CANCEL,566
2107,TSLA,BUY,LIMIT,423.87,57,,1959,NEW,
2108,NVDA,SELL,LIMIT,183.41,59,,1960,NEW,
2109,SPY,BUY,LIMIT,679.78,6,,1961,NEW,
2110,AMZN,BUY,IOC,198.58,32,,1962,NEW,
2111,SPY,BUY,MARKET,,115,,1963,NEW,
2112,TSLA,SELL,LIMIT,424.27,107,,1964,NEW,
2113,GOOGL,BUY,IOC,304.92,67,,1965,NEW,
2114,SPY,,,,,,,CANCEL,1518
2115,MSFT,SELL,LIMIT,405.51,24,,1966,NEW,
2116,TSLA,SELL,LIMIT,424.63,103,,1967,NEW,
2117,TSLA,SELL,LIMIT,424.54,105,,1968,NEW,
2118,MSFT,SELL,LIMIT,405.64,41,,1969,NEW,
2119,TSLA,BUY,FOK,424.06,90,,1970,NEW,
2120,NVDA,BUY,LIMIT,183.37,10,,1971,NEW,
2121,NVDA,,,183.26,17,,,AMEND,587
2122,NVDA,BUY,MOC,,57,,1972,NEW,
2123,MSFT,,,,,,,CANCEL,1499
2124,META,BUY,LIMIT,644.21,103,,1973,NEW,
2125,TSLA,SELL,LIMIT,424.08,1599,,1974,NEW,
2126,AAPL,,,254.25,118,,,AMEND,907
2127,META,BUY,IOC,644.13,6,,1975,NEW,
2128,AAPL,SELL,ICEBERG,254.36,2499,102,1976,NEW,
2129,TSLA,SELL,FOK,423.95,55,,1977,NEW,
2130,MSFT,BUY,LIMIT,405.46,37,,1978,NEW,
2131,META,SELL,LOC,644.15,28,,1979,NEW,
2132,GOOGL,SELL,MARKET,,97,,1980,NEW,
2133,GOOGL,,,,,,,CANCEL,1497
2134,AMZN,BUY,IOC,198.57,38,,1981,NEW,
2135,MSFT,SELL,MARKET,,77,,1982,NEW,
2136,TSLA,SELL,FOK,423.89,98,,1983,NEW,
2137,NVDA,BUY,LIMIT,183.25,24,,1984,NEW,
2138,AAPL,,,255.92,32,,,AMEND,152
2139,AAPL,,,,,,,CANCEL,28
2140,NVDA,SELL,MARKET,,18,,1985,NEW,
2141,AAPL,,,,,,,CANCEL,1767
2142,AMZN,SELL,ICEBERG,198.68,1852,182,1986,NEW,
2143,MSFT,BUY,ICEBERG,405.5,2596,76,1987,NEW,
2144,AMZN,SELL,LIMIT,198.6,107,,1988,NEW,
2145,MSFT,BUY,LIMIT,405.38,1901,,1989,NEW,
2146,MSFT,SELL,LIMIT,405.45,7,,1990,NEW,
2147,SPY,SELL,LOC,679.77,59,,1991,NEW,
2148,TSLA,BUY,FOK,423.52,94,,1992,NEW,
2149,GOOGL,,,305.71,958,,,AMEND,67
2150,SPY,,CLOSE,,,,,CLOSE,
2151,AAPL,BUY,MARKET,,45,,1993,NEW,
2152,MSFT,,,,,,,CANCEL,853
2153,TSLA,BUY,IOC,423.27,47,,1994,NEW,
2154,MSFT,SELL,MARKET,,301,,1995,NEW,
2155,TSLA,BUY,MARKET,,56,,1996,NEW,
2156,NVDA,SELL,LIMIT,183.21,52,,1997,NEW,
2157,AMZN,,,,,,,CANCEL,86
2158,META,SELL,ICEBERG,644.03,804,54,1998,NEW,
2159,SPY,BUY,ICEBERG,679.7,953,158,1999,NEW,
2160,AAPL,BUY,LIMIT,254.34,61,,2000,NEW,
2161,GOOGL,BUY,MOC,,79,,2001,NEW,
2162,AAPL,BUY,LIMIT,254.35,91,,2002,NEW,
2163,NVDA,SELL,FOK,183.2,1045,,2003,NEW,
2164,MSFT,SELL,MARKET,,378,,2004,NEW,
2165,MSFT,BUY,LOC,405.01,101,,2005,NEW,
2166,NVDA,BUY,ICEBERG,183.16,1353,89,2006,NEW,
2167,SPY,SELL,ICEBERG,679.9,367,49,2007,NEW,
2168,NVDA,,,183.17,92,,,AMEND,15520
2169,META,SELL,FOK,643.92,32,,2008,NEW,
2170,AMZN,BUY,ICEBERG,198.52,1907,132,2009,NEW,
2171,AMZN,BUY,LIMIT,198.47,1028,,2010,NEW,
2172,GOOGL,,,,,,,CANCEL,532
2173,MSFT,BUY,LIMIT,404.96,42,,2011,NEW,
2174,NVDA,,,183.26,108,,,AMEND,420
2175,MSFT,SELL,LIMIT,405.11,69,,2012,NEW,
2176,SPY,,CLOSE,,,,,CLOSE,
2177,AMZN,BUY,ICEBERG,198.41,1146,240,2013,NEW,
2178,SPY,BUY,LIMIT,679.78,91,,2014,NEW,
2179,META,SELL,ICEBERG,643.99,2826,31,2015,NEW,
2180,NVDA,SELL,MARKET,,23,,2016,NEW,
2181,GOOGL,BUY,IOC,304.87,92,,2017,NEW,
2182,AAPL,SELL,ICEBERG,254.52,2468,25,2018,NEW,
2183,AAPL,BUY,MARKET,,109,,2019,NEW,
2184,MSFT,,,,,,,CANCEL,1941
2185,AMZN,BUY,MARKET,,28,,2020,NEW,
2186,NVDA,SELL,LOC,183.24,60,,2021,NEW,
2187,NVDA,SELL,LIMIT,183.18,113,,2022,NEW,
2188,AMZN,BUY,IOC,198.41,4,,2023,NEW,
2189,MSFT,BUY,FOK,404.83,1881,,2024,NEW,
2190,AMZN,SELL,LIMIT,198.47,48,,2025,NEW,
2191,AAPL,SELL,LIMIT,254.52,14,,2026,NEW,
2192,SPY,SELL,FOK,680.09,55,,2027,NEW,
2193,NVDA,BUY,LIMIT,183.17,29,,2028,NEW,
2194,AMZN,,,,,,,CANCEL,1138
2195,SPY,BUY,LOC,680.02,97,,2029,NEW,
2196,GOOGL,BUY,ICEBERG,304.75,1950,179,2030,NEW,
2197,SPY,BUY,MARKET,,34,,2031,NEW,
2198,SPY,BUY,FOK,679.99,45,,2032,NEW,
2199,META,,,643.95,115,,,AMEND,748
2200,AAPL,SELL,FOK,254.52,11,,2033,NEW,
2201,META,,,,,,,CANCEL,1199
2202,MSFT,,,403.17,27,,,AMEND,954
2203,SPY,SELL,IOC,680.14,73,,2034,NEW,
2204,SPY,SELL,MARKET,,109,,2035,NEW,
2205,META,SELL,LIMIT,643.96,39,,2036,NEW,
2206,AMZN,SELL,FOK,198.47,41,,2037,NEW,
2207,AMZN,SELL,LIMIT,198.37,65,,2038,NEW,
2208,AMZN,BUY,IOC,198.32,109,,2039,NEW,
2209,MSFT,SELL,FOK,405.09,28,,2040,NEW,
2210,AMZN,,,198.77,215,,,AMEND,171
2211,NVDA,SELL,ICEBERG,183.27,1566,241,2041,NEW,
2212,AMZN,,,198.32,397,,,AMEND,171
2213,NVDA,,,,,,,CANCEL,826
2214,TSLA,,,423.05,42,,,AMEND,1249
2215,GOOGL,BUY,ICEBERG,304.72,1089,228,2042,NEW,
2216,NVDA,SELL,LIMIT,183.33,98,,2043,NEW,
2217,GOOGL,BUY,MARKET,,2,,2044,NEW,
2218,SPY,BUY,LIMIT,679.99,116,,2045,NEW,
2219,AMZN,BUY,FOK,198.35,30,,2046,NEW,
2220,GOOGL,BUY,LIMIT,304.74,27,,2047,NEW,
2221,META,,,,,,,CANCEL,369
2222,NVDA,SELL,MARKET,,624,,2048,NEW,
2223,TSLA,BUY,MARKET,,17,,2049,NEW,
2224,META,SELL,LIMIT,644.32,57,,2050,NEW,
2225,MSFT,,,,,,,CANCEL,1020
2226,SPY,,,681.43,1,,,AMEND,1035
2227,META,BUY,MARKET,,44,,2051,NEW,
2228,NVDA,SELL,FOK,183.34,102,,2052,NEW,
2229,NVDA,BUY,FOK,183.28,38,,2053,NEW,
2230,TSLA,,,,,,,CANCEL,1450
2231,GOOGL,SELL,ICEBERG,304.76,1422,74,2054,NEW,
2232,NVDA,,,183.38,1640,,,AMEND,778
2233,AAPL,BUY,LIMIT,254.44,88,,2055,NEW,
2234,MSFT,BUY,LIMIT,404.81,1832,,2056,NEW,
2235,TSLA,BUY,LIMIT,423.01,34,,2057,NEW,
2236,NVDA,SELL,FOK,183.49,77,,2058,NEW,
2237,NVDA,BUY,ICEBERG,183.42,2971,47,2059,NEW,
2238,SPY,SELL,ICEBERG,680.21,2398,63,2060,NEW,
2239,SPY,SELL,LIMIT,680.13,28,,2061,NEW,
2240,AMZN,BUY,LIMIT,198.38,67,,2062,NEW,
2241,AAPL,SELL,LIMIT,254.52,87,,2063,NEW,
2242,TSLA,SELL,MARKET,,45,,2064,NEW,
2243,TSLA,BUY,LIMIT,422.86,20,,2065,NEW,
2244,AAPL,SELL,FOK,254.44,87,,2066,NEW,
2245,AAPL,SELL,MOC,,95,,2067,NEW,
2246,AAPL,BUY,LIMIT,254.33,48,,2068,NEW,
2247,MSFT,BUY,ICEBERG,404.94,1472,162,2069,NEW,
2248,AAPL,SELL,LOC,254.43,1367,,2070,NEW,
2249,META,SELL,MOC,,81,,2071,NEW,
2250,NVDA,BUY,ICEBERG,183.4,2799,187,2072,NEW,
2251,AMZN,BUY,FOK,198.34,8,,2073,NEW,
2252,AMZN,SELL,FOK,198.45,421,,2074,NEW,
2253,AMZN,BUY,MARKET,,84,,2075,NEW,
2254,AAPL,BUY,MARKET,,99,,2076,NEW,
2255,NVDA,BUY,LIMIT,183.41,113,,2077,NEW,
2256,AAPL,,,,,,,CANCEL,1894
2257,SPY,BUY,ICEBERG,679.9,1480,62,2078,NEW,
2258,AMZN,BUY,ICEBERG,198.31,905,207,2079,NEW,
2259,MSFT,SELL,ICEBERG,405.36,933,241,2080,NEW,
2260,MSFT,BUY,LIMIT,405.16,71,,2081,NEW,
2261,AAPL,SELL,LIMIT,254.51,118,,2082,NEW,
2262,MSFT,SELL,LIMIT,405.28,9,,2083,NEW,
2263,GOOGL,BUY,IOC,304.65,64,,2084,NEW,
2264,MSFT,SELL,MOC,,116,,2085,NEW,
2265,SPY,,,,,,,CANCEL,1088
2266,MSFT,BUY,MARKET,,101,,2086,NEW,
2267,MSFT,,,405.14,1,,,AMEND,44
2268,AMZN,BUY,MARKET,,14,,2087,NEW,
2269,NVDA,BUY,MARKET,,29,,2088,NEW,
2270,AMZN,BUY,LIMIT,198.3,15,,2089,NEW,
2271,AMZN,,,198.47,15,,,AMEND,495
2272,NVDA,SELL,LIMIT,183.47,111,,2090,NEW,
2273,SPY,,,680.67,4,,,AMEND,449
2274,MSFT,,,401.18,144,,,AMEND,138
2275,AAPL,,,254.4,169,,,AMEND,1076
2276,SPY,BUY,ICEBERG,679.8,1551,45,2091,NEW,
2277,GOOGL,BUY,MARKET,,6,,2092,NEW,
2278,TSLA,SELL,MOC,,41,,2093,NEW,
2279,AAPL,SELL,MOC,,68,,2094,NEW,
2280,MSFT,SELL,IOC,405.28,89,,2095,NEW,
2281,TSLA,SELL,ICEBERG,423.5,1628,191,2096,NEW,
2282,TSLA,SELL,LIMIT,423.76,21,,2097,NEW,
2283,AAPL,BUY,MARKET,,69,,2098,NEW,
2284,MSFT,BUY,IOC,405.1,878,,2099,NEW,
2285,AMZN,BUY,IOC,198.37,61,,2100,NEW,
2286,SPY,,,680.17,59,,,AMEND,311
2287,GOOGL,,,304.49,329,,,AMEND,785
2288,MSFT,BUY,ICEBERG,405.16,1401,12,2101,NEW,
2289,SPY,BUY,ICEBERG,680.03,1867,180,2102,NEW,
2290,AMZN,SELL,ICEBERG,198.42,1340,32,2103,NEW,
2291,MSFT,SELL,LIMIT,405.37,112,,2104,NEW,
2292,AAPL,,,,,,,CANCEL,539
2293,META,SELL,IOC,644.47,111,,2105,NEW,
2294,NVDA,SELL,MARKET,,1476,,2106,NEW,
2295,GOOGL,BUY,LOC,304.52,90,,2107,NEW,
2296,AAPL,SELL,LIMIT,254.44,85,,2108,NEW,
2297,AMZN,BUY,ICEBERG,198.3,1320,134,2109,NEW,
2298,SPY,BUY,LIMIT,680.18,103,,2110,NEW,
2299,MSFT,SELL,IOC,405.41,14,,2111,NEW,
2300,MSFT,BUY,LIMIT,405.26,914,,2112,NEW,
2301,TSLA,SELL,LIMIT,423.49,59,,2113,NEW,
2302,SPY,SELL,LIMIT,680.5,75,,2114,NEW,
2303,MSFT,,,,,,,CANCEL,1420
2304,MSFT,BUY,LIMIT,405.29,108,,2115,NEW,
2305,TSLA,BUY,LIMIT,423.13,42,,2116,NEW,
2306,TSLA,SELL,LIMIT,423.39,22,,2117,NEW,
2307,GOOGL,SELL,ICEBERG,304.72,935,118,2118,NEW,
2308,NVDA,,,183.49,222,,,AMEND,284
2309,META,SELL,LIMIT,644.47,1181,,2119,NEW,
2310,AAPL,BUY,MOC,,37,,2120,NEW,
2311,NVDA,,,,,,,CANCEL,64
2312,MSFT,SELL,LOC,405.47,95,,2121,NEW,
2313,AAPL,,,,,,,CANCEL,858
2314,SPY,BUY,LIMIT,680.13,33,,2122,NEW,
2315,SPY,BUY,MARKET,,87,,2123,NEW,
2316,NVDA,BUY,IOC,183.29,115,,2124,NEW,
2317,AAPL,BUY,LIMIT,254.39,87,,2125,NEW,
2318,AMZN,SELL,IOC,198.35,43,,2126,NEW,
2319,AMZN,SELL,LIMIT,198.34,60,,2127,NEW,
2320,TSLA,,,423.22,26,,,AMEND,1254
2321,SPY,,,,,,,CANCEL,1641
2322,TSLA,BUY,LIMIT,423.18,120,,2128,NEW,
2323,MSFT,SELL,ICEBERG,405.34,1643,243,2129,NEW,
2324,AMZN,SELL,FOK,198.41,66,,2130,NEW,
2325,TSLA,,,423.6,2,,,AMEND,347
2326,MSFT,BUY,MOC,,59,,2131,NEW,
2327,MSFT,SELL,FOK,405.45,87,,2132,NEW,
2328,GOOGL,BUY,MARKET,,46,,2133,NEW,
2329,TSLA,BUY,LIMIT,423.57,62,,2134,NEW,
2330,TSLA,BUY,IOC,423.75,67,,2135,NEW,
2331,TSLA,SELL,LIMIT,423.93,1657,,2136,NEW,
2332,GOOGL,BUY,LIMIT,304.71,109,,2137,NEW,
2333,MSFT,SELL,FOK,405.46,23,,2138,NEW,
2334,AAPL,BUY,LIMIT,254.48,87,,2139,NEW,
2335,AAPL,BUY,MARKET,,90,,2140,NEW,
2336,GOOGL,,,,,,,CANCEL,758
2337,GOOGL,SELL,MOC,,104,,2141,NEW,
2338,SPY,SELL,LOC,680.28,12,,2142,NEW,
2339,AMZN,BUY,MARKET,,5,,2143,NEW,
2340,SPY,BUY,LIMIT,680.27,39,,2144,NEW,
2341,AAPL,,,254.31,48,,,AMEND,1827
2342,META,SELL,ICEBERG,644.36,2333,59,2145,NEW,
2343,MSFT,,,405.38,268,,,AMEND,106
2344,MSFT,BUY,MARKET,,94,,2146,NEW,
2345,NVDA,BUY,LIMIT,183.3,91,,2147,NEW,
2346,NVDA,SELL,FOK,183.35,33,,2148,NEW,
2347,GOOGL,BUY,FOK,304.71,29,,2149,NEW,
2348,MSFT,,,,,,,CANCEL,229
2349,META,,,644.32,1,,,AMEND,389
2350,AAPL,BUY,MARKET,,46,,2150,NEW,
2351,AMZN,,,,,,,CANCEL,1607
2352,META,SELL,LIMIT,644.43,66,,2151,NEW,
2353,TSLA,,,423.89,60,,,AMEND,1323
2354,AMZN,,,198.76,22,,,AMEND,1747
2355,GOOGL,SELL,ICEBERG,304.91,1331,67,2152,NEW,
2356,AMZN,BUY,LIMIT,198.47,55,,2153,NEW,
2357,META,,,640.29,72,,,AMEND,1139
2358,AMZN,,CLOSE,,,,,CLOSE,
2359,NVDA,,,183.29,86,,,AMEND,25247
2360,MSFT,SELL,ICEBERG,405.09,1821,153,2154,NEW,
2361,AMZN,SELL,IOC,198.62,741,,2155,NEW,
2362,META,SELL,ICEBERG,644.51,2109,226,2156,NEW,
2363,AAPL,SELL,ICEBERG,254.61,1265,189,2157,NEW,
2364,AAPL,BUY,IOC,254.57,113,,2158,NEW,
2365,TSLA,SELL,ICEBERG,424.05,1497,230,2159,NEW,
2366,MSFT,SELL,LIMIT,405.01,24,,2160,NEW,
2367,GOOGL,BUY,MARKET,,56,,2161,NEW,
2368,AMZN,,,,,,,CANCEL,495
2369,GOOGL,,,,,,,CANCEL,631
2370,GOOGL,BUY,FOK,304.83,66,,2162,NEW,
2371,GOOGL,BUY,LOC,304.82,29,,2163,NEW,
2372,NVDA,,,,,,,CANCEL,884
2373,AMZN,SELL,LIMIT,198.63,111,,2164,NEW,
2374,META,SELL,MOC,,61,,2165,NEW,
2375,META,SELL,LIMIT,644.51,44,,2166,NEW,
2376,MSFT,SELL,MOC,,22,,2167,NEW,
2377,NVDA,BUY,LIMIT,183.26,44,,2168,NEW,
2378,TSLA,,,,,,,CANCEL,323
2379,TSLA,BUY,LIMIT,423.41,102,,2169,NEW,
2380,NVDA,BUY,MARKET,,2,,2170,NEW,
2381,NVDA,BUY,LIMIT,183.36,27,,2171,NEW,
2382,AMZN,,,198.52,25,,,AMEND,1461
2383,GOOGL,SELL,LIMIT,304.96,72,,2172,NEW,
2384,SPY,BUY,LIMIT,680.25,27,,2173,NEW,
2385,SPY,,,,,,,CANCEL,449
2386,MSFT,SELL,LIMIT,404.92,30,,2174,NEW,
2387,TSLA,,,417.33,236,,,AMEND,16
2388,GOOGL,,,,,,,CANCEL,1755
2389,SPY,BUY,FOK,680.2,42,,2175,NEW,
2390,NVDA,SELL,FOK,183.33,58,,2176,NEW,
2391,SPY,SELL,IOC,680.4,99,,2177,NEW,
2392,MSFT,SELL,LIMIT,404.89,113,,2178,NEW,
2393,AMZN,BUY,LIMIT,198.41,95,,2179,NEW,
2394,MSFT,SELL,FOK,405.08,1356,,2180,NEW,
2395,GOOGL,SELL,LIMIT,304.94,46,,2181,NEW,
2396,AAPL,BUY,MARKET,,91,,2182,NEW,
2397,TSLA,BUY,LIMIT,423.38,76,,2183,NEW,
2398,AAPL,SELL,LIMIT,254.81,90,,2184,NEW,
2399,MSFT,BUY,MARKET,,13,,2185,NEW,
2400,SPY,BUY,FOK,680.24,820,,2186,NEW,
2401,AAPL,SELL,MARKET,,119,,2187,NEW,
2402,AAPL,SELL,LIMIT,254.79,53,,2188,NEW,
2403,AMZN,BUY,LOC,198.44,85,,2189,NEW,
2404,GOOGL,SELL,MARKET,,70,,2190,NEW,
2405,META,BUY,MARKET,,1951,,2191,NEW,
2406,MSFT,,,404.74,13,,,AMEND,1811
2407,AMZN,BUY,LIMIT,198.45,114,,2192,NEW,
2408,MSFT,BUY,MOC,,50,,2193,NEW,
2409,MSFT,SELL,LIMIT,405.02,38,,2194,NEW,
2410,NVDA,SELL,IOC,183.39,26,,2195,NEW,
2411,TSLA,BUY,ICEBERG,423.26,2200,148,2196,NEW,
2412,AAPL,,,,,,,CANCEL,1496
2413,SPY,,,,,,,CANCEL,1135
2414,GOOGL,BUY,LIMIT,304.87,93,,2197,NEW,
2415,SPY,SELL,LIMIT,680.5,95,,2198,NEW,
2416,TSLA,SELL,LIMIT,423.36,23,,2199,NEW,
2417,SPY,SELL,LIMIT,680.41,771,,2200,NEW,
2418,GOOGL,BUY,LIMIT,304.9,74,,2201,NEW,
2419,TSLA,BUY,MARKET,,37,,2202,NEW,
2420,META,BUY,IOC,644.09,77,,2203,NEW,
2421,META,BUY,ICEBERG,644.32,1829,232,2204,NEW,
2422,MSFT,BUY,FOK,405.08,55,,2205,NEW,
2423,NVDA,BUY,LIMIT,183.44,23,,2206,NEW,
2424,MSFT,SELL,LIMIT,405.18,1173,,2207,NEW,
2425,META,BUY,IOC,644.35,20,,2208,NEW,
2426,META,SELL,LIMIT,644.95,773,,2209,NEW,
2427,TSLA,BUY,IOC,423.05,27,,2210,NEW,
2428,MSFT,,,,,,,CANCEL,730
2429,TSLA,SELL,MARKET,,70,,2211,NEW,
2430,META,SELL,IOC,644.88,107,,2212,NEW,
2431,AAPL,BUY,LIMIT,254.68,62,,2213,NEW,
2432,MSFT,SELL,MARKET,,5,,2214,NEW,
2433,META,,,,,,,CANCEL,374
2434,META,BUY,IOC,644.67,95,,2215,NEW,
2435,AMZN,SELL,ICEBERG,198.53,2310,159,2216,NEW,
2436,SPY,SELL,ICEBERG,680.47,877,217,2217,NEW,
2437,SPY,BUY,LIMIT,680.29,112,,2218,NEW,
2438,SPY,BUY,LIMIT,680.33,17,,2219,NEW,
2439,TSLA,,,,,,,CANCEL,2097
2440,AMZN,BUY,LIMIT,198.5,76,,2220,NEW,
2441,AAPL,SELL,LIMIT,254.79,70,,2221,NEW,
2442,AAPL,BUY,LIMIT,254.7,40,,2222,NEW,
2443,TSLA,SELL,LIMIT,423.13,55,,2223,NEW,
2444,TSLA,SELL,ICEBERG,423.37,1531,56,2224,NEW,
2445,GOOGL,SELL,LIMIT,305.03,81,,2225,NEW,
2446,GOOGL,SELL,ICEBERG,305.09,1285,217,2226,NEW,
2447,META,BUY,MARKET,,16,,2227,NEW,
2448,NVDA,BUY,LIMIT,183.55,87,,2228,NEW,
2449,AAPL,,,,,,,CANCEL,385
2450,GOOGL,BUY,IOC,305.12,86,,2229,NEW,
2451,AAPL,,,254.79,1,,,AMEND,313
2452,GOOGL,BUY,LIMIT,305.22,57,,2230,NEW,
2453,NVDA,,,,,,,CANCEL,433
2454,TSLA,BUY,LIMIT,423.15,51,,2231,NEW,
2455,MSFT,BUY,ICEBERG,405.14,2070,171,2232,NEW,
2456,AAPL,BUY,LIMIT,254.63,117,,2233,NEW,
2457,TSLA,SELL,LIMIT,423.33,46,,2234,NEW,
2458,NVDA,BUY,LIMIT,183.56,1055,,2235,NEW,
2459,META,SELL,LIMIT,644.65,92,,2236,NEW,
2460,NVDA,SELL,LIMIT,183.62,1661,,2237,NEW,
2461,META,,,,,,,CANCEL,895
2462,MSFT,,,405.15,43,,,AMEND,1484
2463,META,,,,,,,CANCEL,250
2464,META,,,639.55,141,,,AMEND,802
