seq,symbol,side,type,price,qty,order_id,action,ref_id
1,META,SELL,LIMIT,640.24,5,1,NEW,
2,AMZN,BUY,LIMIT,198.79,6,2,NEW,
3,AMZN,BUY,LIMIT,198.77,43,3,NEW,
4,META,SELL,LIMIT,640.36,1,4,NEW,
5,TSLA,SELL,LIMIT,417.45,51,5,NEW,
6,TSLA,SELL,LIMIT,417.28,18,6,NEW,
7,AAPL,SELL,LIMIT,255.86,53,7,NEW,
8,GOOGL,BUY,LIMIT,305.72,724,8,NEW,
9,META,SELL,LIMIT,640.42,78,9,NEW,
10,TSLA,BUY,LIMIT,417.03,53,10,NEW,
11,META,BUY,LIMIT,640.12,8,11,NEW,
12,MSFT,BUY,LIMIT,401.2,78,12,NEW,
13,GOOGL,SELL,LIMIT,305.89,57,13,NEW,
14,AMZN,BUY,LIMIT,198.8,58,14,NEW,
15,GOOGL,BUY,LIMIT,305.76,51,15,NEW,
16,SPY,BUY,LIMIT,681.61,42,16,NEW,
17,SPY,BUY,LIMIT,681.66,34,17,NEW,
18,GOOGL,BUY,LIMIT,305.72,554,18,NEW,
19,NVDA,SELL,LIMIT,182.84,6,19,NEW,
20,NVDA,SELL,LIMIT,182.82,27,20,NEW,
21,MSFT,SELL,LIMIT,401.39,383,21,NEW,
22,GOOGL,SELL,LIMIT,305.86,986,22,NEW,
23,AAPL,BUY,LIMIT,255.69,99,23,NEW,
24,AMZN,SELL,LIMIT,198.84,735,24,NEW,
25,MSFT,SELL,LIMIT,401.35,61,25,NEW,
26,GOOGL,BUY,LIMIT,305.67,65,26,NEW,
27,TSLA,SELL,LIMIT,417.7,29,27,NEW,
28,GOOGL,SELL,LIMIT,305.91,214,28,NEW,
29,TSLA,SELL,LIMIT,417.85,75,29,NEW,
30,GOOGL,SELL,LIMIT,305.92,11,30,NEW,
31,AMZN,BUY,LIMIT,198.85,35,31,NEW,
32,META,SELL,LIMIT,640.39,17,32,NEW,
33,GOOGL,BUY,LIMIT,305.81,37,33,NEW,
34,MSFT,SELL,LIMIT,401.3,98,34,NEW,
35,SPY,SELL,LIMIT,681.88,14,35,NEW,
36,MSFT,BUY,LIMIT,401.15,97,36,NEW,
37,TSLA,SELL,LIMIT,417.83,40,37,NEW,
38,AAPL,BUY,LIMIT,255.67,75,38,NEW,
39,AAPL,SELL,LIMIT,255.82,41,39,NEW,
40,TSLA,SELL,LIMIT,418.02,51,40,NEW,
41,AAPL,BUY,LIMIT,255.73,22,41,NEW,
42,META,SELL,LIMIT,640.04,60,42,NEW,
43,GOOGL,SELL,LIMIT,305.89,65,43,NEW,
44,SPY,BUY,LIMIT,681.66,5,44,NEW,
45,AMZN,SELL,LIMIT,198.87,88,45,NEW,
46,GOOGL,SELL,LIMIT,305.88,11,46,NEW,
47,AMZN,BUY,LIMIT,198.86,90,47,NEW,
48,TSLA,BUY,LIMIT,418.07,255,48,NEW,
49,GOOGL,SELL,LIMIT,305.9,23,49,NEW,
50,META,SELL,LIMIT,640.18,84,50,NEW,
51,AMZN,SELL,LIMIT,198.88,54,51,NEW,
52,AAPL,SELL,LIMIT,255.92,48,52,NEW,
53,AAPL,SELL,LIMIT,255.9,49,53,NEW,
54,AMZN,SELL,LIMIT,198.84,20,54,NEW,
55,TSLA,SELL,LIMIT,418.52,34,55,NEW,
56,TSLA,BUY,LIMIT,418.69,482,56,NEW,
57,AMZN,BUY,LIMIT,198.76,99,57,NEW,
58,TSLA,SELL,LIMIT,418.95,4,58,NEW,
59,GOOGL,BUY,LIMIT,305.81,85,59,NEW,
60,TSLA,BUY,LIMIT,418.95,68,60,NEW,
61,NVDA,BUY,LIMIT,182.86,54,61,NEW,
62,SPY,BUY,LIMIT,681.51,13,62,NEW,
63,AAPL,BUY,LIMIT,255.77,17,63,NEW,
64,AMZN,BUY,LIMIT,198.77,91,64,NEW,
65,MSFT,SELL,LIMIT,401.43,37,65,NEW,
66,TSLA,BUY,LIMIT,418.99,62,66,NEW,
67,NVDA,BUY,LIMIT,182.85,586,67,NEW,
68,TSLA,SELL,LIMIT,419.19,455,68,NEW,
69,SPY,SELL,LIMIT,681.97,23,69,NEW,
70,AMZN,BUY,LIMIT,198.75,368,70,NEW,
71,META,BUY,LIMIT,639.79,4,71,NEW,
72,MSFT,SELL,LIMIT,401.52,47,72,NEW,
73,NVDA,SELL,LIMIT,182.84,68,73,NEW,
74,AMZN,BUY,LIMIT,198.66,2,74,NEW,
75,AAPL,BUY,LIMIT,255.65,64,75,NEW,
76,NVDA,BUY,LIMIT,182.83,18,76,NEW,
77,META,BUY,LIMIT,639.7,72,77,NEW,
78,MSFT,BUY,LIMIT,401.46,62,78,NEW,
79,TSLA,SELL,LIMIT,419.25,9,79,NEW,
80,TSLA,BUY,LIMIT,419.24,53,80,NEW,
81,AAPL,BUY,LIMIT,255.71,82,81,NEW,
82,MSFT,BUY,LIMIT,401.49,88,82,NEW,
83,MSFT,SELL,LIMIT,401.68,91,83,NEW,
84,AAPL,SELL,LIMIT,255.8,11,84,NEW,
85,AAPL,BUY,LIMIT,255.77,46,85,NEW,
86,NVDA,SELL,LIMIT,182.89,28,86,NEW,
87,GOOGL,SELL,LIMIT,305.93,25,87,NEW,
88,SPY,SELL,LIMIT,681.98,10,88,NEW,
89,GOOGL,BUY,LIMIT,305.86,88,89,NEW,
90,GOOGL,BUY,LIMIT,305.8,15,90,NEW,
91,GOOGL,SELL,LIMIT,305.95,93,91,NEW,
92,SPY,SELL,LIMIT,682.07,68,92,NEW,
93,META,SELL,LIMIT,640.58,80,93,NEW,
94,NVDA,BUY,LIMIT,182.76,61,94,NEW,
95,GOOGL,SELL,LIMIT,305.93,100,95,NEW,
96,MSFT,SELL,LIMIT,401.58,714,96,NEW,
97,GOOGL,BUY,LIMIT,305.79,51,97,NEW,
98,TSLA,SELL,LIMIT,419.37,68,98,NEW,
99,GOOGL,BUY,LIMIT,305.89,50,99,NEW,
100,AMZN,SELL,LIMIT,198.67,928,100,NEW,
101,AAPL,SELL,LIMIT,255.92,52,101,NEW,
102,AAPL,BUY,LIMIT,255.81,16,102,NEW,
103,GOOGL,BUY,LIMIT,305.96,65,103,NEW,
104,META,BUY,LIMIT,640.42,640,104,NEW,
105,TSLA,BUY,LIMIT,419.2,83,105,NEW,
106,META,SELL,LIMIT,640.77,1,106,NEW,
107,MSFT,BUY,LIMIT,401.42,11,107,NEW,
108,SPY,BUY,LIMIT,681.87,3,108,NEW,
109,SPY,SELL,LIMIT,682.12,57,109,NEW,
110,NVDA,SELL,LIMIT,182.85,4,110,NEW,
111,META,BUY,LIMIT,640.47,5,111,NEW,
112,NVDA,SELL,LIMIT,182.9,27,112,NEW,
113,TSLA,BUY,LIMIT,419.34,41,113,NEW,
114,META,BUY,LIMIT,640.66,20,114,NEW,
115,NVDA,BUY,LIMIT,182.89,38,115,NEW,
116,NVDA,SELL,LIMIT,182.89,41,116,NEW,
117,AAPL,BUY,LIMIT,255.79,73,117,NEW,
118,TSLA,SELL,LIMIT,419.26,72,118,NEW,
119,AAPL,BUY,LIMIT,255.8,42,119,NEW,
120,TSLA,BUY,LIMIT,419.17,20,120,NEW,
121,AAPL,BUY,LIMIT,255.81,100,121,NEW,
122,AAPL,SELL,LIMIT,255.84,77,122,NEW,
123,GOOGL,BUY,LIMIT,305.99,15,123,NEW,
124,SPY,BUY,LIMIT,681.74,47,124,NEW,
125,SPY,BUY,LIMIT,682.03,99,125,NEW,
126,MSFT,BUY,LIMIT,401.57,45,126,NEW,
127,META,SELL,LIMIT,641.06,36,127,NEW,
128,AAPL,BUY,LIMIT,255.78,18,128,NEW,
129,META,SELL,LIMIT,641,51,129,NEW,
130,SPY,BUY,LIMIT,682,53,130,NEW,
131,SPY,BUY,LIMIT,681.99,746,131,NEW,
132,AAPL,SELL,LIMIT,255.82,45,132,NEW,
133,TSLA,SELL,LIMIT,419.4,86,133,NEW,
134,NVDA,BUY,LIMIT,182.74,91,134,NEW,
135,NVDA,BUY,LIMIT,182.72,18,135,NEW,
136,META,SELL,LIMIT,641.2,65,136,NEW,
137,AMZN,SELL,LIMIT,198.73,41,137,NEW,
138,AMZN,BUY,LIMIT,198.74,89,138,NEW,
139,NVDA,SELL,LIMIT,182.72,55,139,NEW,
140,AAPL,BUY,LIMIT,255.75,43,140,NEW,
141,GOOGL,SELL,LIMIT,306.11,721,141,NEW,
142,MSFT,BUY,LIMIT,401.69,64,142,NEW,
143,META,SELL,LIMIT,641.44,25,143,NEW,
144,AMZN,BUY,LIMIT,198.79,83,144,NEW,
145,AMZN,SELL,LIMIT,198.85,13,145,NEW,
146,SPY,BUY,LIMIT,682.05,39,146,NEW,
147,AAPL,BUY,LIMIT,255.71,95,147,NEW,
148,AAPL,BUY,LIMIT,255.67,48,148,NEW,
149,SPY,BUY,LIMIT,681.94,46,149,NEW,
150,MSFT,BUY,LIMIT,401.63,26,150,NEW,
151,GOOGL,SELL,LIMIT,306.05,46,151,NEW,
152,AAPL,BUY,LIMIT,255.72,13,152,NEW,
153,SPY,SELL,LIMIT,682.33,88,153,NEW,
154,AAPL,BUY,LIMIT,255.77,14,154,NEW,
155,NVDA,BUY,LIMIT,182.72,29,155,NEW,
156,META,BUY,LIMIT,641.45,69,156,NEW,
157,TSLA,BUY,LIMIT,418.94,12,157,NEW,
158,META,BUY,LIMIT,641.62,17,158,NEW,
159,NVDA,BUY,LIMIT,182.69,63,159,NEW,
160,AAPL,BUY,LIMIT,255.69,20,160,NEW,
161,AMZN,SELL,LIMIT,198.82,55,161,NEW,
162,SPY,BUY,LIMIT,682.06,94,162,NEW,
163,MSFT,BUY,LIMIT,401.77,16,163,NEW,
164,MSFT,SELL,LIMIT,401.86,31,164,NEW,
165,META,SELL,LIMIT,641.67,10,165,NEW,
166,AMZN,SELL,LIMIT,198.8,49,166,NEW,
167,TSLA,BUY,LIMIT,418.97,21,167,NEW,
168,MSFT,BUY,LIMIT,401.72,96,168,NEW,
169,MSFT,SELL,LIMIT,401.93,537,169,NEW,
170,META,BUY,LIMIT,641.44,89,170,NEW,
171,TSLA,SELL,LIMIT,419.02,31,171,NEW,
172,AAPL,BUY,LIMIT,255.71,983,172,NEW,
173,AAPL,BUY,LIMIT,255.71,31,173,NEW,
174,TSLA,BUY,LIMIT,419.11,26,174,NEW,
175,AAPL,BUY,LIMIT,255.72,81,175,NEW,
176,TSLA,BUY,LIMIT,418.87,931,176,NEW,
177,GOOGL,BUY,LIMIT,305.88,82,177,NEW,
178,NVDA,BUY,LIMIT,182.57,12,178,NEW,
179,SPY,BUY,LIMIT,682.23,1,179,NEW,
180,NVDA,BUY,LIMIT,182.58,301,180,NEW,
181,AAPL,SELL,LIMIT,255.84,38,181,NEW,
182,NVDA,BUY,LIMIT,182.57,34,182,NEW,
183,AMZN,BUY,LIMIT,198.75,6,183,NEW,
184,NVDA,SELL,LIMIT,182.61,63,184,NEW,
185,NVDA,SELL,LIMIT,182.68,16,185,NEW,
186,MSFT,BUY,LIMIT,401.75,52,186,NEW,
187,AAPL,SELL,LIMIT,255.92,13,187,NEW,
188,META,BUY,LIMIT,641.59,71,188,NEW,
189,GOOGL,BUY,LIMIT,305.93,85,189,NEW,
190,META,SELL,LIMIT,642.19,57,190,NEW,
191,AAPL,BUY,LIMIT,255.86,4,191,NEW,
192,AAPL,BUY,LIMIT,256.07,8,192,NEW,
193,AMZN,SELL,LIMIT,198.93,78,193,NEW,
194,MSFT,BUY,LIMIT,401.81,32,194,NEW,
195,MSFT,BUY,LIMIT,401.85,89,195,NEW,
196,NVDA,SELL,LIMIT,182.58,28,196,NEW,
197,MSFT,SELL,LIMIT,401.98,25,197,NEW,
198,SPY,SELL,LIMIT,682.45,86,198,NEW,
199,NVDA,SELL,LIMIT,182.56,36,199,NEW,
200,TSLA,BUY,LIMIT,418.91,100,200,NEW,
201,META,BUY,LIMIT,641.79,48,201,NEW,
202,GOOGL,SELL,LIMIT,305.95,577,202,NEW,
203,META,SELL,LIMIT,642.09,43,203,NEW,
204,AMZN,SELL,LIMIT,198.97,95,204,NEW,
205,AAPL,BUY,LIMIT,256.1,19,205,NEW,
206,GOOGL,SELL,LIMIT,305.94,53,206,NEW,
207,SPY,BUY,LIMIT,682.09,10,207,NEW,
208,META,BUY,LIMIT,641.66,92,208,NEW,
209,TSLA,BUY,LIMIT,418.85,62,209,NEW,
210,GOOGL,BUY,LIMIT,305.79,55,210,NEW,
211,NVDA,BUY,LIMIT,182.38,19,211,NEW,
212,MSFT,BUY,LIMIT,401.84,92,212,NEW,
213,AAPL,SELL,LIMIT,256.14,36,213,NEW,
214,NVDA,BUY,LIMIT,182.33,92,214,NEW,
215,TSLA,SELL,LIMIT,419.08,89,215,NEW,
216,META,BUY,LIMIT,641.84,97,216,NEW,
217,MSFT,SELL,LIMIT,402.02,79,217,NEW,
218,META,BUY,LIMIT,641.5,73,218,NEW,
219,AAPL,BUY,LIMIT,256.08,49,219,NEW,
220,TSLA,SELL,LIMIT,419.07,305,220,NEW,
221,AMZN,BUY,LIMIT,198.82,404,221,NEW,
222,AAPL,BUY,LIMIT,256.14,91,222,NEW,
223,TSLA,BUY,LIMIT,418.87,26,223,NEW,
224,MSFT,BUY,LIMIT,401.83,60,224,NEW,
225,AMZN,SELL,LIMIT,198.96,2,225,NEW,
226,AMZN,BUY,LIMIT,198.89,782,226,NEW,
227,MSFT,SELL,LIMIT,402.02,65,227,NEW,
228,AAPL,BUY,LIMIT,256.01,21,228,NEW,
229,META,SELL,LIMIT,642.15,17,229,NEW,
230,NVDA,SELL,LIMIT,182.39,13,230,NEW,
231,META,SELL,LIMIT,641.99,40,231,NEW,
232,NVDA,BUY,LIMIT,182.39,17,232,NEW,
233,NVDA,SELL,LIMIT,182.48,35,233,NEW,
234,META,BUY,LIMIT,642.04,33,234,NEW,
235,TSLA,BUY,LIMIT,418.65,99,235,NEW,
236,SPY,SELL,LIMIT,682.37,45,236,NEW,
237,AAPL,BUY,LIMIT,255.85,24,237,NEW,
238,MSFT,SELL,LIMIT,401.89,22,238,NEW,
239,NVDA,SELL,LIMIT,182.45,46,239,NEW,
240,GOOGL,SELL,LIMIT,306.04,88,240,NEW,
241,AMZN,BUY,LIMIT,198.89,65,241,NEW,
242,GOOGL,BUY,LIMIT,305.99,13,242,NEW,
243,AAPL,SELL,LIMIT,255.93,55,243,NEW,
244,MSFT,SELL,LIMIT,401.97,96,244,NEW,
245,GOOGL,SELL,LIMIT,305.99,5,245,NEW,
246,MSFT,BUY,LIMIT,401.98,26,246,NEW,
247,AMZN,SELL,LIMIT,199.1,14,247,NEW,
248,GOOGL,SELL,LIMIT,305.94,275,248,NEW,
249,GOOGL,SELL,LIMIT,305.83,65,249,NEW,
250,SPY,BUY,LIMIT,681.99,43,250,NEW,
251,NVDA,SELL,LIMIT,182.45,66,251,NEW,
252,META,SELL,LIMIT,642.3,11,252,NEW,
253,MSFT,SELL,LIMIT,402.17,4,253,NEW,
254,SPY,BUY,LIMIT,682.05,62,254,NEW,
255,SPY,SELL,LIMIT,682.23,96,255,NEW,
256,NVDA,SELL,LIMIT,182.43,77,256,NEW,
257,AMZN,BUY,LIMIT,199.03,796,257,NEW,
258,NVDA,SELL,LIMIT,182.47,2,258,NEW,
259,AAPL,SELL,LIMIT,255.84,9,259,NEW,
260,GOOGL,BUY,LIMIT,305.62,73,260,NEW,
261,GOOGL,BUY,LIMIT,305.51,62,261,NEW,
262,AAPL,BUY,LIMIT,255.71,227,262,NEW,
263,AMZN,BUY,LIMIT,199,56,263,NEW,
264,GOOGL,BUY,LIMIT,305.58,87,264,NEW,
265,MSFT,SELL,LIMIT,402.18,59,265,NEW,
266,TSLA,SELL,LIMIT,418.85,94,266,NEW,
267,META,BUY,LIMIT,641.76,48,267,NEW,
268,AAPL,BUY,LIMIT,255.76,87,268,NEW,
269,TSLA,SELL,LIMIT,418.82,96,269,NEW,
270,TSLA,SELL,LIMIT,418.55,81,270,NEW,
271,AAPL,SELL,LIMIT,255.85,92,271,NEW,
272,AAPL,SELL,LIMIT,255.81,51,272,NEW,
273,NVDA,BUY,LIMIT,182.44,39,273,NEW,
274,TSLA,SELL,LIMIT,418.65,17,274,NEW,
275,META,SELL,LIMIT,641.95,9,275,NEW,
276,META,SELL,LIMIT,642.06,52,276,NEW,
277,AAPL,SELL,LIMIT,255.85,990,277,NEW,
278,SPY,SELL,LIMIT,682.18,418,278,NEW,
279,MSFT,BUY,LIMIT,401.99,91,279,NEW,
280,MSFT,BUY,LIMIT,402.08,34,280,NEW,
281,TSLA,SELL,LIMIT,418.72,239,281,NEW,
282,SPY,SELL,LIMIT,682.12,43,282,NEW,
283,TSLA,SELL,LIMIT,418.6,859,283,NEW,
284,SPY,BUY,LIMIT,681.83,58,284,NEW,
285,SPY,BUY,LIMIT,681.81,53,285,NEW,
286,TSLA,SELL,LIMIT,418.51,20,286,NEW,
287,NVDA,BUY,LIMIT,182.4,37,287,NEW,
288,NVDA,BUY,LIMIT,182.52,59,288,NEW,
289,META,BUY,LIMIT,641.83,325,289,NEW,
290,AMZN,BUY,LIMIT,199.02,87,290,NEW,
291,NVDA,BUY,LIMIT,182.5,4,291,NEW,
292,SPY,BUY,LIMIT,681.92,59,292,NEW,
293,AAPL,BUY,LIMIT,255.79,97,293,NEW,
294,SPY,BUY,LIMIT,681.97,25,294,NEW,
295,MSFT,BUY,LIMIT,401.97,29,295,NEW,
296,META,BUY,LIMIT,641.99,30,296,NEW,
297,TSLA,SELL,LIMIT,418.2,23,297,NEW,
298,AMZN,SELL,LIMIT,199.13,43,298,NEW,
299,META,SELL,LIMIT,642.2,25,299,NEW,
300,NVDA,SELL,LIMIT,182.58,34,300,NEW,
301,NVDA,SELL,LIMIT,182.61,40,301,NEW,
302,MSFT,BUY,LIMIT,401.91,9,302,NEW,
303,GOOGL,BUY,LIMIT,305.48,61,303,NEW,
304,NVDA,BUY,LIMIT,182.5,83,304,NEW,
305,MSFT,SELL,LIMIT,402.08,76,305,NEW,
306,NVDA,BUY,LIMIT,182.43,69,306,NEW,
307,AMZN,SELL,LIMIT,199.16,13,307,NEW,
308,NVDA,SELL,LIMIT,182.55,99,308,NEW,
309,AMZN,SELL,LIMIT,199.12,63,309,NEW,
310,TSLA,BUY,LIMIT,418.02,73,310,NEW,
311,AMZN,BUY,LIMIT,199.01,91,311,NEW,
312,MSFT,SELL,LIMIT,402.22,79,312,NEW,
313,NVDA,SELL,LIMIT,182.48,80,313,NEW,
314,GOOGL,BUY,LIMIT,305.48,96,314,NEW,
315,MSFT,BUY,LIMIT,401.95,24,315,NEW,
316,MSFT,SELL,LIMIT,402.03,39,316,NEW,
317,MSFT,BUY,LIMIT,401.92,50,317,NEW,
318,AAPL,SELL,LIMIT,255.87,43,318,NEW,
319,GOOGL,SELL,LIMIT,305.53,90,319,NEW,
320,AMZN,SELL,LIMIT,199.12,94,320,NEW,
321,NVDA,BUY,LIMIT,182.43,100,321,NEW,
322,MSFT,BUY,LIMIT,402,1,322,NEW,
323,SPY,BUY,LIMIT,682.03,942,323,NEW,
324,AAPL,SELL,LIMIT,255.95,14,324,NEW,
325,GOOGL,SELL,LIMIT,305.57,75,325,NEW,
326,GOOGL,SELL,LIMIT,305.61,446,326,NEW,
327,AAPL,BUY,LIMIT,255.84,9,327,NEW,
328,MSFT,SELL,LIMIT,402.13,66,328,NEW,
329,TSLA,BUY,LIMIT,417.86,87,329,NEW,
330,MSFT,BUY,LIMIT,401.9,86,330,NEW,
331,AMZN,BUY,LIMIT,198.96,32,331,NEW,
332,MSFT,SELL,LIMIT,402.02,80,332,NEW,
333,TSLA,BUY,LIMIT,417.68,87,333,NEW,
334,AAPL,BUY,LIMIT,255.79,31,334,NEW,
335,TSLA,SELL,LIMIT,417.66,20,335,NEW,
336,AAPL,SELL,LIMIT,255.94,786,336,NEW,
337,SPY,SELL,LIMIT,682.05,64,337,NEW,
338,NVDA,BUY,LIMIT,182.52,23,338,NEW,
339,NVDA,SELL,LIMIT,182.65,610,339,NEW,
340,TSLA,SELL,LIMIT,417.82,446,340,NEW,
341,SPY,BUY,LIMIT,681.58,75,341,NEW,
342,MSFT,SELL,LIMIT,401.97,807,342,NEW,
343,META,SELL,LIMIT,641.64,63,343,NEW,
344,AAPL,SELL,LIMIT,255.93,39,344,NEW,
345,AMZN,BUY,LIMIT,198.92,97,345,NEW,
346,TSLA,SELL,LIMIT,418.12,67,346,NEW,
347,META,BUY,LIMIT,641.21,87,347,NEW,
348,SPY,SELL,LIMIT,681.73,97,348,NEW,
349,NVDA,SELL,LIMIT,182.7,438,349,NEW,
350,TSLA,BUY,LIMIT,417.73,99,350,NEW,
351,MSFT,BUY,LIMIT,401.78,53,351,NEW,
352,AMZN,SELL,LIMIT,198.97,74,352,NEW,
353,SPY,SELL,LIMIT,681.72,94,353,NEW,
354,TSLA,SELL,LIMIT,418,19,354,NEW,
355,AMZN,BUY,LIMIT,198.8,68,355,NEW,
356,AMZN,SELL,LIMIT,198.87,1,356,NEW,
357,MSFT,SELL,LIMIT,401.97,63,357,NEW,
358,AAPL,SELL,LIMIT,255.91,58,358,NEW,
359,NVDA,SELL,LIMIT,182.61,57,359,NEW,
360,AAPL,BUY,LIMIT,255.83,52,360,NEW,
361,NVDA,BUY,LIMIT,182.44,74,361,NEW,
362,AAPL,SELL,LIMIT,255.92,349,362,NEW,
363,AMZN,BUY,LIMIT,198.91,73,363,NEW,
364,AAPL,SELL,LIMIT,255.95,77,364,NEW,
365,SPY,SELL,LIMIT,681.81,27,365,NEW,
366,MSFT,BUY,LIMIT,401.71,1,366,NEW,
367,NVDA,BUY,LIMIT,182.41,897,367,NEW,
368,NVDA,SELL,LIMIT,182.37,7,368,NEW,
369,META,BUY,LIMIT,641.27,32,369,NEW,
370,SPY,BUY,LIMIT,681.47,57,370,NEW,
371,SPY,SELL,LIMIT,681.75,81,371,NEW,
372,SPY,SELL,LIMIT,681.71,80,372,NEW,
373,GOOGL,BUY,LIMIT,305.51,88,373,NEW,
374,AAPL,BUY,LIMIT,255.91,62,374,NEW,
375,AAPL,BUY,LIMIT,255.89,65,375,NEW,
376,MSFT,BUY,LIMIT,401.79,26,376,NEW,
377,NVDA,SELL,LIMIT,182.38,100,377,NEW,
378,TSLA,SELL,LIMIT,418.06,92,378,NEW,
379,GOOGL,BUY,LIMIT,305.45,11,379,NEW,
380,MSFT,SELL,LIMIT,401.81,36,380,NEW,
381,TSLA,BUY,LIMIT,417.85,69,381,NEW,
382,NVDA,SELL,LIMIT,182.28,54,382,NEW,
383,NVDA,BUY,LIMIT,182.14,915,383,NEW,
384,GOOGL,BUY,LIMIT,305.39,57,384,NEW,
385,NVDA,BUY,LIMIT,182.25,58,385,NEW,
386,GOOGL,SELL,LIMIT,305.52,72,386,NEW,
387,META,BUY,LIMIT,640.98,638,387,NEW,
388,AAPL,BUY,LIMIT,255.85,85,388,NEW,
389,NVDA,BUY,LIMIT,182.32,460,389,NEW,
390,MSFT,SELL,LIMIT,401.93,88,390,NEW,
391,TSLA,SELL,LIMIT,418.01,62,391,NEW,
392,SPY,SELL,LIMIT,681.72,95,392,NEW,
393,MSFT,SELL,LIMIT,401.92,77,393,NEW,
394,SPY,SELL,LIMIT,681.86,55,394,NEW,
395,AMZN,SELL,LIMIT,198.94,72,395,NEW,
396,AMZN,SELL,LIMIT,198.93,76,396,NEW,
397,GOOGL,BUY,LIMIT,305.42,53,397,NEW,
398,SPY,SELL,LIMIT,681.82,34,398,NEW,
399,SPY,BUY,LIMIT,681.38,94,399,NEW,
400,AMZN,SELL,LIMIT,198.9,86,400,NEW,
401,TSLA,BUY,LIMIT,417.59,89,401,NEW,
402,META,BUY,LIMIT,640.86,82,402,NEW,
403,GOOGL,SELL,LIMIT,305.56,7,403,NEW,
404,AMZN,BUY,LIMIT,198.91,24,404,NEW,
405,META,BUY,LIMIT,640.95,39,405,NEW,
406,SPY,BUY,LIMIT,681.31,517,406,NEW,
407,NVDA,BUY,LIMIT,182.3,24,407,NEW,
408,MSFT,BUY,LIMIT,401.73,89,408,NEW,
409,SPY,BUY,LIMIT,681.35,30,409,NEW,
410,AAPL,SELL,LIMIT,256.02,20,410,NEW,
411,MSFT,SELL,LIMIT,401.95,8,411,NEW,
412,MSFT,BUY,LIMIT,401.97,18,412,NEW,
413,MSFT,BUY,LIMIT,401.82,74,413,NEW,
414,MSFT,BUY,LIMIT,401.81,94,414,NEW,
415,AMZN,SELL,LIMIT,198.97,25,415,NEW,
416,SPY,BUY,LIMIT,681.27,10,416,NEW,
417,TSLA,SELL,LIMIT,417.62,447,417,NEW,
418,AAPL,BUY,LIMIT,255.91,76,418,NEW,
419,GOOGL,SELL,LIMIT,305.55,20,419,NEW,
420,GOOGL,SELL,LIMIT,305.59,49,420,NEW,
421,AAPL,BUY,LIMIT,255.92,59,421,NEW,
422,MSFT,BUY,LIMIT,401.84,9,422,NEW,
423,AMZN,BUY,LIMIT,198.85,92,423,NEW,
424,MSFT,BUY,LIMIT,401.87,81,424,NEW,
425,GOOGL,BUY,LIMIT,305.43,95,425,NEW,
426,AMZN,SELL,LIMIT,198.92,21,426,NEW,
427,TSLA,SELL,LIMIT,417.75,3,427,NEW,
428,TSLA,BUY,LIMIT,417.57,61,428,NEW,
429,MSFT,SELL,LIMIT,402.07,18,429,NEW,
430,NVDA,BUY,LIMIT,182.29,93,430,NEW,
431,AAPL,SELL,LIMIT,256.04,50,431,NEW,
432,AAPL,BUY,LIMIT,255.92,64,432,NEW,
433,TSLA,SELL,LIMIT,417.72,22,433,NEW,
434,AAPL,BUY,LIMIT,256.01,66,434,NEW,
435,SPY,BUY,LIMIT,681.31,87,435,NEW,
436,GOOGL,SELL,LIMIT,305.63,81,436,NEW,
437,AMZN,BUY,LIMIT,198.86,76,437,NEW,
438,AMZN,SELL,LIMIT,198.91,52,438,NEW,
439,GOOGL,SELL,LIMIT,305.76,4,439,NEW,
440,AMZN,SELL,LIMIT,198.93,2,440,NEW,
441,SPY,SELL,LIMIT,681.54,21,441,NEW,
442,NVDA,BUY,LIMIT,182.28,9,442,NEW,
443,TSLA,SELL,LIMIT,417.61,14,443,NEW,
444,AAPL,BUY,LIMIT,256.05,3,444,NEW,
445,AAPL,BUY,LIMIT,255.95,32,445,NEW,
446,META,SELL,LIMIT,641.24,69,446,NEW,
447,AMZN,SELL,LIMIT,198.92,62,447,NEW,
448,META,SELL,LIMIT,641.1,15,448,NEW,
449,META,BUY,LIMIT,641.04,33,449,NEW,
450,MSFT,SELL,LIMIT,402.03,13,450,NEW,
451,MSFT,SELL,LIMIT,402.21,22,451,NEW,
452,NVDA,BUY,LIMIT,182.22,87,452,NEW,
453,NVDA,BUY,LIMIT,182.18,14,453,NEW,
454,SPY,SELL,LIMIT,681.75,96,454,NEW,
455,SPY,BUY,LIMIT,681.42,44,455,NEW,
456,AAPL,SELL,LIMIT,256.1,58,456,NEW,
457,SPY,SELL,LIMIT,681.7,43,457,NEW,
458,AAPL,SELL,LIMIT,255.96,84,458,NEW,
459,MSFT,BUY,LIMIT,402.12,19,459,NEW,
460,GOOGL,SELL,LIMIT,305.62,294,460,NEW,
461,AMZN,BUY,LIMIT,198.88,901,461,NEW,
462,AMZN,SELL,LIMIT,198.94,654,462,NEW,
463,AMZN,SELL,LIMIT,198.95,20,463,NEW,
464,AMZN,SELL,LIMIT,198.98,6,464,NEW,
465,SPY,SELL,LIMIT,681.68,10,465,NEW,
466,AMZN,BUY,LIMIT,199,33,466,NEW,
467,SPY,SELL,LIMIT,681.51,44,467,NEW,
468,META,SELL,LIMIT,641.33,98,468,NEW,
469,TSLA,BUY,LIMIT,417.55,61,469,NEW,
470,GOOGL,SELL,LIMIT,305.66,264,470,NEW,
471,MSFT,SELL,LIMIT,402.26,26,471,NEW,
472,MSFT,BUY,LIMIT,402.17,54,472,NEW,
473,SPY,BUY,LIMIT,681.22,74,473,NEW,
474,NVDA,BUY,LIMIT,182.22,55,474,NEW,
475,AAPL,BUY,LIMIT,255.79,62,475,NEW,
476,NVDA,BUY,LIMIT,182.35,79,476,NEW,
477,AAPL,BUY,LIMIT,255.83,87,477,NEW,
478,NVDA,BUY,LIMIT,182.34,98,478,NEW,
479,AAPL,BUY,LIMIT,255.74,74,479,NEW,
480,META,SELL,LIMIT,641.45,46,480,NEW,
481,AMZN,BUY,LIMIT,199.03,11,481,NEW,
482,AMZN,SELL,LIMIT,199.09,86,482,NEW,
483,AMZN,BUY,LIMIT,199.02,69,483,NEW,
484,AAPL,SELL,LIMIT,255.81,44,484,NEW,
485,AAPL,BUY,LIMIT,255.64,65,485,NEW,
486,TSLA,BUY,LIMIT,417.42,95,486,NEW,
487,NVDA,BUY,LIMIT,182.28,603,487,NEW,
488,SPY,BUY,LIMIT,681.15,90,488,NEW,
489,GOOGL,BUY,LIMIT,305.63,12,489,NEW,
490,AMZN,SELL,LIMIT,199.04,79,490,NEW,
491,SPY,SELL,LIMIT,681.22,67,491,NEW,
492,MSFT,BUY,LIMIT,402.11,49,492,NEW,
493,AMZN,BUY,LIMIT,199,59,493,NEW,
494,SPY,SELL,LIMIT,681.25,12,494,NEW,
495,META,BUY,LIMIT,641.48,27,495,NEW,
496,SPY,SELL,LIMIT,681.25,44,496,NEW,
497,META,SELL,LIMIT,641.63,855,497,NEW,
498,TSLA,BUY,LIMIT,417.07,59,498,NEW,
499,AAPL,BUY,LIMIT,255.69,72,499,NEW,
500,AMZN,BUY,LIMIT,198.86,36,500,NEW,
501,SPY,BUY,LIMIT,681.01,28,501,NEW,
502,AAPL,BUY,LIMIT,255.64,35,502,NEW,
503,SPY,BUY,LIMIT,680.99,684,503,NEW,
504,GOOGL,SELL,LIMIT,305.82,29,504,NEW,
505,META,SELL,LIMIT,641.46,43,505,NEW,
506,TSLA,BUY,LIMIT,417.21,22,506,NEW,
507,SPY,BUY,LIMIT,680.98,79,507,NEW,
508,AAPL,BUY,LIMIT,255.64,1,508,NEW,
509,AAPL,SELL,LIMIT,255.72,50,509,NEW,
510,MSFT,BUY,LIMIT,402.09,78,510,NEW,
511,AMZN,SELL,LIMIT,198.9,48,511,NEW,
512,AMZN,BUY,LIMIT,198.89,1,512,NEW,
513,AAPL,SELL,LIMIT,255.68,33,513,NEW,
514,SPY,SELL,LIMIT,681.32,9,514,NEW,
515,AAPL,SELL,LIMIT,255.65,25,515,NEW,
516,AAPL,BUY,LIMIT,255.6,32,516,NEW,
517,NVDA,SELL,LIMIT,182.41,64,517,NEW,
518,MSFT,BUY,LIMIT,402.08,82,518,NEW,
519,GOOGL,SELL,LIMIT,305.8,20,519,NEW,
520,GOOGL,SELL,LIMIT,305.8,74,520,NEW,
521,TSLA,SELL,LIMIT,417.38,46,521,NEW,
522,NVDA,SELL,LIMIT,182.54,45,522,NEW,
523,GOOGL,SELL,LIMIT,305.96,24,523,NEW,
524,AAPL,SELL,LIMIT,255.68,48,524,NEW,
525,META,BUY,LIMIT,640.97,54,525,NEW,
526,NVDA,BUY,LIMIT,182.57,478,526,NEW,
527,MSFT,BUY,LIMIT,401.99,647,527,NEW,
528,TSLA,SELL,LIMIT,417.3,1,528,NEW,
529,AAPL,BUY,LIMIT,255.64,12,529,NEW,
530,NVDA,SELL,LIMIT,182.68,41,530,NEW,
531,MSFT,SELL,LIMIT,402.06,58,531,NEW,
532,AAPL,BUY,LIMIT,255.69,2,532,NEW,
533,AMZN,SELL,LIMIT,198.91,27,533,NEW,
534,NVDA,BUY,LIMIT,182.59,91,534,NEW,
535,NVDA,SELL,LIMIT,182.71,41,535,NEW,
536,TSLA,BUY,LIMIT,417.55,41,536,NEW,
537,NVDA,SELL,LIMIT,182.76,66,537,NEW,
538,SPY,SELL,LIMIT,681.34,89,538,NEW,
539,SPY,SELL,LIMIT,681.46,14,539,NEW,
540,NVDA,BUY,LIMIT,182.66,41,540,NEW,
541,AAPL,SELL,LIMIT,255.79,82,541,NEW,
542,NVDA,SELL,LIMIT,182.7,34,542,NEW,
543,NVDA,SELL,LIMIT,182.66,520,543,NEW,
544,SPY,SELL,LIMIT,681.34,92,544,NEW,
545,AAPL,BUY,LIMIT,255.58,70,545,NEW,
546,GOOGL,SELL,LIMIT,305.96,13,546,NEW,
547,META,BUY,LIMIT,640.91,34,547,NEW,
548,NVDA,SELL,LIMIT,182.64,46,548,NEW,
549,AMZN,BUY,LIMIT,198.8,89,549,NEW,
550,SPY,SELL,LIMIT,681.27,59,550,NEW,
551,NVDA,BUY,LIMIT,182.68,59,551,NEW,
552,META,SELL,LIMIT,641.49,81,552,NEW,
553,TSLA,BUY,LIMIT,417.68,57,553,NEW,
554,MSFT,SELL,LIMIT,401.98,76,554,NEW,
555,GOOGL,SELL,LIMIT,306.04,55,555,NEW,
556,META,SELL,LIMIT,641.46,40,556,NEW,
557,GOOGL,BUY,LIMIT,306.07,6,557,NEW,
558,AMZN,SELL,LIMIT,198.89,46,558,NEW,
559,AAPL,BUY,LIMIT,255.74,8,559,NEW,
560,MSFT,SELL,LIMIT,402.02,77,560,NEW,
561,NVDA,SELL,LIMIT,182.72,82,561,NEW,
562,TSLA,SELL,LIMIT,417.98,23,562,NEW,
563,AMZN,BUY,LIMIT,198.79,38,563,NEW,
564,NVDA,SELL,LIMIT,182.73,94,564,NEW,
565,AAPL,BUY,LIMIT,255.69,89,565,NEW,
566,MSFT,BUY,LIMIT,401.85,13,566,NEW,
567,META,SELL,LIMIT,641.4,66,567,NEW,
568,AMZN,BUY,LIMIT,198.72,87,568,NEW,
569,SPY,SELL,LIMIT,681.18,50,569,NEW,
570,AAPL,SELL,LIMIT,255.78,26,570,NEW,
571,NVDA,BUY,LIMIT,182.7,17,571,NEW,
572,TSLA,BUY,LIMIT,417.86,99,572,NEW,
573,NVDA,BUY,LIMIT,182.7,19,573,NEW,
574,AMZN,BUY,LIMIT,198.68,50,574,NEW,
575,TSLA,BUY,LIMIT,418.14,37,575,NEW,
576,TSLA,BUY,LIMIT,418.09,76,576,NEW,
577,AMZN,SELL,LIMIT,198.7,67,577,NEW,
578,MSFT,SELL,LIMIT,402,83,578,NEW,
579,META,SELL,LIMIT,641.63,42,579,NEW,
580,NVDA,BUY,LIMIT,182.6,17,580,NEW,
581,AAPL,BUY,LIMIT,255.76,88,581,NEW,
582,GOOGL,BUY,LIMIT,305.94,8,582,NEW,
583,NVDA,SELL,LIMIT,182.75,59,583,NEW,
584,AAPL,SELL,LIMIT,255.85,7,584,NEW,
585,SPY,SELL,LIMIT,681.09,55,585,NEW,
586,META,BUY,LIMIT,641.45,31,586,NEW,
587,SPY,SELL,LIMIT,681.19,90,587,NEW,
588,NVDA,SELL,LIMIT,182.76,100,588,NEW,
589,NVDA,SELL,LIMIT,182.71,25,589,NEW,
590,META,SELL,LIMIT,641.67,60,590,NEW,
591,MSFT,BUY,LIMIT,401.99,30,591,NEW,
592,NVDA,SELL,LIMIT,182.67,81,592,NEW,
593,SPY,BUY,LIMIT,680.91,26,593,NEW,
594,TSLA,BUY,LIMIT,418.23,26,594,NEW,
595,MSFT,SELL,LIMIT,402.24,63,595,NEW,
596,AAPL,BUY,LIMIT,255.76,981,596,NEW,
597,SPY,BUY,LIMIT,681.04,12,597,NEW,
598,SPY,BUY,LIMIT,681.36,95,598,NEW,
599,AMZN,BUY,LIMIT,198.67,73,599,NEW,
600,NVDA,BUY,LIMIT,182.61,92,600,NEW,
601,TSLA,SELL,LIMIT,418.44,88,601,NEW,
602,SPY,BUY,LIMIT,681.4,97,602,NEW,
603,SPY,SELL,LIMIT,681.45,43,603,NEW,
604,SPY,SELL,LIMIT,681.28,93,604,NEW,
605,SPY,BUY,LIMIT,680.85,15,605,NEW,
606,AMZN,BUY,LIMIT,198.73,63,606,NEW,
607,TSLA,BUY,LIMIT,418.28,5,607,NEW,
608,AAPL,BUY,LIMIT,255.65,331,608,NEW,
609,GOOGL,SELL,LIMIT,305.94,44,609,NEW,
610,NVDA,BUY,LIMIT,182.61,96,610,NEW,
611,NVDA,SELL,LIMIT,182.68,36,611,NEW,
612,META,BUY,LIMIT,641.25,47,612,NEW,
613,MSFT,SELL,LIMIT,402.26,67,613,NEW,
614,NVDA,BUY,LIMIT,182.64,18,614,NEW,
615,AMZN,SELL,LIMIT,198.79,51,615,NEW,
616,TSLA,SELL,LIMIT,418.51,83,616,NEW,
617,AAPL,SELL,LIMIT,255.8,79,617,NEW,
618,NVDA,SELL,LIMIT,182.74,39,618,NEW,
619,GOOGL,BUY,LIMIT,305.81,50,619,NEW,
620,SPY,BUY,LIMIT,680.96,31,620,NEW,
621,TSLA,BUY,LIMIT,418.37,93,621,NEW,
622,SPY,BUY,LIMIT,680.82,41,622,NEW,
623,META,SELL,LIMIT,641.4,32,623,NEW,
624,MSFT,BUY,LIMIT,402.06,10,624,NEW,
625,META,SELL,LIMIT,641.49,64,625,NEW,
626,META,BUY,LIMIT,641.38,45,626,NEW,
627,META,BUY,LIMIT,641.3,6,627,NEW,
628,AAPL,BUY,LIMIT,255.71,20,628,NEW,
629,TSLA,BUY,LIMIT,418.1,2,629,NEW,
630,AAPL,SELL,LIMIT,255.71,51,630,NEW,
631,MSFT,BUY,LIMIT,402.04,6,631,NEW,
632,NVDA,BUY,LIMIT,182.8,100,632,NEW,
633,NVDA,SELL,LIMIT,182.82,82,633,NEW,
634,SPY,BUY,LIMIT,680.81,12,634,NEW,
635,GOOGL,BUY,LIMIT,305.82,89,635,NEW,
636,AMZN,SELL,LIMIT,198.71,28,636,NEW,
637,GOOGL,BUY,LIMIT,305.69,21,637,NEW,
638,NVDA,BUY,LIMIT,182.82,18,638,NEW,
639,META,BUY,LIMIT,641.25,55,639,NEW,
640,SPY,SELL,LIMIT,681.04,56,640,NEW,
641,AMZN,SELL,LIMIT,198.7,74,641,NEW,
642,GOOGL,BUY,LIMIT,305.78,73,642,NEW,
643,GOOGL,SELL,LIMIT,305.91,87,643,NEW,
644,NVDA,SELL,LIMIT,182.9,99,644,NEW,
645,GOOGL,SELL,LIMIT,305.88,10,645,NEW,
646,TSLA,SELL,LIMIT,418.16,53,646,NEW,
647,MSFT,SELL,LIMIT,402.11,38,647,NEW,
648,MSFT,BUY,LIMIT,401.89,60,648,NEW,
649,META,BUY,LIMIT,640.93,61,649,NEW,
650,TSLA,SELL,LIMIT,418.39,874,650,NEW,
651,GOOGL,SELL,LIMIT,305.89,40,651,NEW,
652,SPY,SELL,LIMIT,681.1,98,652,NEW,
653,AMZN,BUY,LIMIT,198.61,99,653,NEW,
654,META,BUY,LIMIT,640.92,578,654,NEW,
655,TSLA,SELL,LIMIT,418.13,99,655,NEW,
656,MSFT,BUY,LIMIT,401.94,59,656,NEW,
657,AMZN,SELL,LIMIT,198.71,68,657,NEW,
658,MSFT,SELL,LIMIT,402.2,2,658,NEW,
659,TSLA,SELL,LIMIT,418.12,18,659,NEW,
660,AAPL,SELL,LIMIT,255.66,57,660,NEW,
661,MSFT,SELL,LIMIT,402.25,16,661,NEW,
662,NVDA,BUY,LIMIT,182.92,31,662,NEW,
663,AMZN,BUY,LIMIT,198.73,59,663,NEW,
664,NVDA,BUY,LIMIT,183.03,74,664,NEW,
665,AAPL,SELL,LIMIT,255.66,82,665,NEW,
666,TSLA,SELL,LIMIT,418.27,2,666,NEW,
667,NVDA,SELL,LIMIT,183.09,9,667,NEW,
668,SPY,BUY,LIMIT,680.81,9,668,NEW,
669,AAPL,BUY,LIMIT,255.5,82,669,NEW,
670,AMZN,BUY,LIMIT,198.74,11,670,NEW,
671,NVDA,SELL,LIMIT,183.11,30,671,NEW,
672,AAPL,BUY,LIMIT,255.52,89,672,NEW,
673,AAPL,SELL,LIMIT,255.56,36,673,NEW,
674,NVDA,SELL,LIMIT,183.02,28,674,NEW,
675,TSLA,BUY,LIMIT,418.23,67,675,NEW,
676,AAPL,BUY,LIMIT,255.4,43,676,NEW,
677,NVDA,BUY,LIMIT,182.97,52,677,NEW,
678,NVDA,SELL,LIMIT,183,93,678,NEW,
679,TSLA,BUY,LIMIT,418.05,66,679,NEW,
680,AMZN,BUY,LIMIT,198.75,74,680,NEW,
681,MSFT,SELL,LIMIT,402.19,1,681,NEW,
682,SPY,SELL,LIMIT,680.91,33,682,NEW,
683,SPY,SELL,LIMIT,681.12,44,683,NEW,
684,NVDA,SELL,LIMIT,182.92,37,684,NEW,
685,SPY,SELL,LIMIT,681.2,34,685,NEW,
686,GOOGL,SELL,LIMIT,305.91,87,686,NEW,
687,AMZN,SELL,LIMIT,198.87,93,687,NEW,
688,NVDA,BUY,LIMIT,182.83,49,688,NEW,
689,NVDA,BUY,LIMIT,182.76,44,689,NEW,
690,META,SELL,LIMIT,641.02,75,690,NEW,
691,SPY,BUY,LIMIT,680.9,69,691,NEW,
692,AAPL,SELL,LIMIT,255.49,30,692,NEW,
693,SPY,SELL,LIMIT,681.05,37,693,NEW,
694,NVDA,SELL,LIMIT,182.91,934,694,NEW,
695,MSFT,BUY,LIMIT,402.07,49,695,NEW,
696,GOOGL,SELL,LIMIT,305.98,66,696,NEW,
697,MSFT,BUY,LIMIT,402.03,65,697,NEW,
698,NVDA,BUY,LIMIT,182.84,85,698,NEW,
699,GOOGL,BUY,LIMIT,305.83,85,699,NEW,
700,AAPL,BUY,LIMIT,255.38,608,700,NEW,
701,GOOGL,BUY,LIMIT,305.8,29,701,NEW,
702,MSFT,BUY,LIMIT,401.91,37,702,NEW,
703,GOOGL,BUY,LIMIT,305.83,597,703,NEW,
704,AAPL,SELL,LIMIT,255.4,15,704,NEW,
705,MSFT,SELL,LIMIT,402.11,20,705,NEW,
706,AMZN,BUY,LIMIT,198.83,97,706,NEW,
707,AMZN,BUY,LIMIT,198.89,19,707,NEW,
708,TSLA,BUY,LIMIT,418.12,669,708,NEW,
709,GOOGL,SELL,LIMIT,305.87,82,709,NEW,
710,AMZN,SELL,LIMIT,199.05,81,710,NEW,
711,GOOGL,SELL,LIMIT,305.94,92,711,NEW,
712,AAPL,BUY,LIMIT,255.15,75,712,NEW,
713,AAPL,BUY,LIMIT,255.09,861,713,NEW,
714,SPY,BUY,LIMIT,680.86,49,714,NEW,
715,MSFT,SELL,LIMIT,402.1,92,715,NEW,
716,SPY,BUY,LIMIT,680.97,52,716,NEW,
717,AMZN,SELL,LIMIT,198.94,93,717,NEW,
718,AMZN,BUY,LIMIT,198.84,33,718,NEW,
719,AAPL,SELL,LIMIT,255.12,39,719,NEW,
720,MSFT,SELL,LIMIT,402.18,1,720,NEW,
721,META,BUY,LIMIT,640.76,55,721,NEW,
722,MSFT,SELL,LIMIT,402.13,70,722,NEW,
723,AMZN,BUY,LIMIT,198.87,88,723,NEW,
724,META,BUY,LIMIT,640.46,475,724,NEW,
725,MSFT,BUY,LIMIT,401.98,6,725,NEW,
726,AMZN,BUY,LIMIT,198.76,46,726,NEW,
727,META,BUY,LIMIT,640.48,6,727,NEW,
728,META,SELL,LIMIT,640.58,48,728,NEW,
729,META,SELL,LIMIT,640.61,19,729,NEW,
730,MSFT,SELL,LIMIT,402.29,51,730,NEW,
731,META,BUY,LIMIT,640.65,89,731,NEW,
732,GOOGL,BUY,LIMIT,305.89,854,732,NEW,
733,MSFT,SELL,LIMIT,402.32,10,733,NEW,
734,TSLA,BUY,LIMIT,418.34,25,734,NEW,
735,NVDA,SELL,LIMIT,182.88,94,735,NEW,
736,META,BUY,LIMIT,640.67,35,736,NEW,
737,NVDA,BUY,LIMIT,182.83,723,737,NEW,
738,AAPL,BUY,LIMIT,255.05,74,738,NEW,
739,TSLA,SELL,LIMIT,418.65,875,739,NEW,
740,GOOGL,SELL,LIMIT,306.01,99,740,NEW,
741,AMZN,SELL,LIMIT,198.88,68,741,NEW,
742,NVDA,BUY,LIMIT,182.84,30,742,NEW,
743,MSFT,BUY,LIMIT,402.25,66,743,NEW,
744,META,SELL,LIMIT,640.82,38,744,NEW,
745,MSFT,BUY,LIMIT,402.36,8,745,NEW,
746,NVDA,SELL,LIMIT,183.03,74,746,NEW,
747,AMZN,BUY,LIMIT,198.77,89,747,NEW,
748,AAPL,SELL,LIMIT,255.26,75,748,NEW,
749,META,SELL,LIMIT,640.89,28,749,NEW,
750,TSLA,SELL,LIMIT,418.93,33,750,NEW,
751,AAPL,SELL,LIMIT,255.25,77,751,NEW,
752,NVDA,SELL,LIMIT,182.87,63,752,NEW,
753,META,BUY,LIMIT,640.76,82,753,NEW,
754,AAPL,BUY,LIMIT,255.3,81,754,NEW,
755,META,BUY,LIMIT,640.57,66,755,NEW,
756,MSFT,BUY,LIMIT,402.36,16,756,NEW,
757,MSFT,BUY,LIMIT,402.32,689,757,NEW,
758,NVDA,SELL,LIMIT,182.88,97,758,NEW,
759,GOOGL,SELL,LIMIT,306.09,74,759,NEW,
760,SPY,BUY,LIMIT,680.79,45,760,NEW,
761,MSFT,BUY,LIMIT,402.32,3,761,NEW,
762,AAPL,BUY,LIMIT,255.29,78,762,NEW,
763,NVDA,BUY,LIMIT,182.8,7,763,NEW,
764,SPY,SELL,LIMIT,681.05,25,764,NEW,
765,TSLA,BUY,LIMIT,418.84,77,765,NEW,
766,GOOGL,SELL,LIMIT,306.13,67,766,NEW,
767,MSFT,SELL,LIMIT,402.43,2,767,NEW,
768,GOOGL,SELL,LIMIT,306.18,28,768,NEW,
769,GOOGL,SELL,LIMIT,306.07,13,769,NEW,
770,TSLA,BUY,LIMIT,418.5,94,770,NEW,
771,META,BUY,LIMIT,640.83,67,771,NEW,
772,META,SELL,LIMIT,640.86,37,772,NEW,
773,MSFT,SELL,LIMIT,402.56,40,773,NEW,
774,TSLA,BUY,LIMIT,418.43,35,774,NEW,
775,AMZN,BUY,LIMIT,198.83,36,775,NEW,
776,AAPL,BUY,LIMIT,255.26,43,776,NEW,
777,AAPL,BUY,LIMIT,255.31,29,777,NEW,
778,AAPL,SELL,LIMIT,255.48,24,778,NEW,
779,MSFT,BUY,LIMIT,402.48,16,779,NEW,
780,AMZN,BUY,LIMIT,198.85,68,780,NEW,
781,NVDA,SELL,LIMIT,183,48,781,NEW,
782,MSFT,BUY,LIMIT,402.49,46,782,NEW,
783,NVDA,SELL,LIMIT,183.1,32,783,NEW,
784,NVDA,SELL,LIMIT,183.05,90,784,NEW,
785,MSFT,SELL,LIMIT,402.66,52,785,NEW,
786,AMZN,BUY,LIMIT,198.88,40,786,NEW,
787,AAPL,BUY,LIMIT,255.41,75,787,NEW,
788,TSLA,BUY,LIMIT,418.54,369,788,NEW,
789,GOOGL,SELL,LIMIT,306.08,28,789,NEW,
790,AAPL,BUY,LIMIT,255.34,66,790,NEW,
791,AMZN,BUY,LIMIT,198.88,64,791,NEW,
792,SPY,SELL,LIMIT,681.03,64,792,NEW,
793,SPY,BUY,LIMIT,680.69,24,793,NEW,
794,SPY,SELL,LIMIT,680.92,85,794,NEW,
795,NVDA,SELL,LIMIT,183.07,39,795,NEW,
796,NVDA,BUY,LIMIT,182.96,97,796,NEW,
797,AAPL,SELL,LIMIT,255.44,7,797,NEW,
798,AMZN,BUY,LIMIT,198.86,684,798,NEW,
799,SPY,BUY,LIMIT,680.76,2,799,NEW,
800,SPY,SELL,LIMIT,680.88,77,800,NEW,
801,AMZN,SELL,LIMIT,198.94,37,801,NEW,
802,AAPL,BUY,LIMIT,255.39,89,802,NEW,
803,SPY,BUY,LIMIT,680.52,58,803,NEW,
804,TSLA,BUY,LIMIT,418.58,55,804,NEW,
805,MSFT,BUY,LIMIT,402.45,86,805,NEW,
806,NVDA,BUY,LIMIT,182.92,9,806,NEW,
807,AAPL,SELL,LIMIT,255.46,87,807,NEW,
808,MSFT,SELL,LIMIT,402.58,26,808,NEW,
809,TSLA,SELL,LIMIT,418.75,56,809,NEW,
810,TSLA,BUY,LIMIT,418.65,976,810,NEW,
811,AAPL,SELL,LIMIT,255.45,13,811,NEW,
812,AMZN,BUY,LIMIT,198.9,24,812,NEW,
813,NVDA,SELL,LIMIT,182.94,28,813,NEW,
814,SPY,SELL,LIMIT,680.87,245,814,NEW,
815,MSFT,SELL,LIMIT,402.54,49,815,NEW,
816,META,SELL,LIMIT,640.87,44,816,NEW,
817,AAPL,SELL,LIMIT,255.46,230,817,NEW,
818,AAPL,BUY,LIMIT,255.44,68,818,NEW,
819,TSLA,SELL,LIMIT,418.77,84,819,NEW,
820,META,BUY,LIMIT,640.61,44,820,NEW,
821,MSFT,SELL,LIMIT,402.58,30,821,NEW,
822,GOOGL,SELL,LIMIT,306.18,77,822,NEW,
823,MSFT,BUY,LIMIT,402.5,3,823,NEW,
824,AMZN,SELL,LIMIT,199,1,824,NEW,
825,META,SELL,LIMIT,640.8,4,825,NEW,
826,AAPL,BUY,LIMIT,255.45,679,826,NEW,
827,MSFT,SELL,LIMIT,402.65,817,827,NEW,
828,TSLA,BUY,LIMIT,418.76,75,828,NEW,
829,TSLA,SELL,LIMIT,418.97,70,829,NEW,
830,META,SELL,LIMIT,640.69,48,830,NEW,
831,SPY,SELL,LIMIT,680.94,34,831,NEW,
832,MSFT,BUY,LIMIT,402.41,62,832,NEW,
833,META,SELL,LIMIT,640.52,14,833,NEW,
834,NVDA,SELL,LIMIT,182.97,19,834,NEW,
835,SPY,BUY,LIMIT,680.59,53,835,NEW,
836,MSFT,BUY,LIMIT,402.43,19,836,NEW,
837,SPY,SELL,LIMIT,680.91,24,837,NEW,
838,META,BUY,LIMIT,640.14,92,838,NEW,
839,GOOGL,SELL,LIMIT,306.18,32,839,NEW,
840,AMZN,SELL,LIMIT,199.08,17,840,NEW,
841,AAPL,SELL,LIMIT,255.49,71,841,NEW,
842,SPY,SELL,LIMIT,680.99,64,842,NEW,
843,SPY,BUY,LIMIT,680.62,80,843,NEW,
844,SPY,SELL,LIMIT,680.93,64,844,NEW,
845,GOOGL,SELL,LIMIT,306.18,43,845,NEW,
846,AAPL,SELL,LIMIT,255.41,95,846,NEW,
847,MSFT,BUY,LIMIT,402.53,50,847,NEW,
848,META,SELL,LIMIT,640.73,61,848,NEW,
849,TSLA,SELL,LIMIT,418.79,69,849,NEW,
850,META,BUY,LIMIT,640.41,7,850,NEW,
851,META,BUY,LIMIT,640.31,8,851,NEW,
852,META,BUY,LIMIT,640.34,92,852,NEW,
853,NVDA,BUY,LIMIT,182.93,11,853,NEW,
854,MSFT,BUY,LIMIT,402.48,6,854,NEW,
855,NVDA,SELL,LIMIT,183.11,60,855,NEW,
856,AAPL,SELL,LIMIT,255.39,79,856,NEW,
857,NVDA,SELL,LIMIT,183.14,29,857,NEW,
858,MSFT,BUY,LIMIT,402.39,21,858,NEW,
859,GOOGL,SELL,LIMIT,306.18,54,859,NEW,
860,GOOGL,BUY,LIMIT,306.03,14,860,NEW,
861,TSLA,SELL,LIMIT,418.9,58,861,NEW,
862,AMZN,BUY,LIMIT,199.04,19,862,NEW,
863,NVDA,BUY,LIMIT,182.99,272,863,NEW,
864,AAPL,BUY,LIMIT,255.27,9,864,NEW,
865,NVDA,SELL,LIMIT,183.12,58,865,NEW,
866,NVDA,BUY,LIMIT,183,17,866,NEW,
867,AMZN,BUY,LIMIT,199.09,54,867,NEW,
868,NVDA,SELL,LIMIT,183.04,44,868,NEW,
869,META,BUY,LIMIT,640.19,34,869,NEW,
870,AAPL,SELL,LIMIT,255.43,92,870,NEW,
871,SPY,BUY,LIMIT,680.69,63,871,NEW,
872,AMZN,SELL,LIMIT,199.05,4,872,NEW,
873,MSFT,BUY,LIMIT,402.31,82,873,NEW,
874,GOOGL,SELL,LIMIT,306.27,69,874,NEW,
875,META,SELL,LIMIT,640.86,81,875,NEW,
876,NVDA,SELL,LIMIT,183.03,19,876,NEW,
877,META,BUY,LIMIT,640.79,41,877,NEW,
878,TSLA,BUY,LIMIT,418.8,36,878,NEW,
879,NVDA,SELL,LIMIT,183.09,62,879,NEW,
880,AMZN,SELL,LIMIT,199.02,74,880,NEW,
881,SPY,BUY,LIMIT,680.59,10,881,NEW,
882,GOOGL,BUY,LIMIT,306.09,68,882,NEW,
883,SPY,SELL,LIMIT,681,36,883,NEW,
884,NVDA,SELL,LIMIT,183.1,93,884,NEW,
885,SPY,BUY,LIMIT,680.7,34,885,NEW,
886,AAPL,BUY,LIMIT,255.32,30,886,NEW,
887,AAPL,SELL,LIMIT,255.45,66,887,NEW,
888,MSFT,BUY,LIMIT,402.26,1,888,NEW,
889,META,SELL,LIMIT,640.76,91,889,NEW,
890,NVDA,BUY,LIMIT,183.1,55,890,NEW,
891,TSLA,BUY,LIMIT,418.92,83,891,NEW,
892,GOOGL,BUY,LIMIT,306.05,96,892,NEW,
893,META,SELL,LIMIT,640.74,93,893,NEW,
894,TSLA,BUY,LIMIT,418.74,61,894,NEW,
895,AMZN,SELL,LIMIT,198.95,20,895,NEW,
896,GOOGL,SELL,LIMIT,306.08,53,896,NEW,
897,AAPL,BUY,LIMIT,255.32,18,897,NEW,
898,MSFT,SELL,LIMIT,402.39,83,898,NEW,
899,SPY,BUY,LIMIT,680.86,56,899,NEW,
900,AAPL,SELL,LIMIT,255.43,3,900,NEW,
901,MSFT,SELL,LIMIT,402.37,22,901,NEW,
902,GOOGL,BUY,LIMIT,305.89,91,902,NEW,
903,SPY,SELL,LIMIT,681.18,17,903,NEW,
904,TSLA,BUY,LIMIT,418.18,44,904,NEW,
905,AAPL,BUY,LIMIT,255.35,34,905,NEW,
906,SPY,BUY,LIMIT,680.9,63,906,NEW,
907,TSLA,SELL,LIMIT,418.11,84,907,NEW,
908,GOOGL,BUY,LIMIT,305.83,2,908,NEW,
909,NVDA,BUY,LIMIT,183.06,91,909,NEW,
910,AAPL,SELL,LIMIT,255.52,65,910,NEW,
911,AAPL,SELL,LIMIT,255.58,91,911,NEW,
912,AMZN,SELL,LIMIT,198.85,68,912,NEW,
913,META,SELL,LIMIT,640.86,62,913,NEW,
914,NVDA,SELL,LIMIT,183.14,12,914,NEW,
915,TSLA,BUY,LIMIT,417.71,53,915,NEW,
916,META,BUY,LIMIT,641.07,82,916,NEW,
917,META,BUY,LIMIT,640.94,67,917,NEW,
918,TSLA,SELL,LIMIT,417.48,522,918,NEW,
919,GOOGL,BUY,LIMIT,305.78,44,919,NEW,
920,MSFT,SELL,LIMIT,402.36,804,920,NEW,
921,META,SELL,LIMIT,641.09,43,921,NEW,
922,MSFT,BUY,LIMIT,402.12,83,922,NEW,
923,SPY,SELL,LIMIT,681.18,252,923,NEW,
924,MSFT,SELL,LIMIT,402.21,76,924,NEW,
925,META,SELL,LIMIT,641.38,98,925,NEW,
926,AAPL,SELL,LIMIT,255.51,81,926,NEW,
927,GOOGL,SELL,LIMIT,305.87,98,927,NEW,
928,SPY,SELL,LIMIT,681.18,89,928,NEW,
929,AAPL,SELL,LIMIT,255.5,82,929,NEW,
930,SPY,BUY,LIMIT,681.05,85,930,NEW,
931,NVDA,BUY,LIMIT,183.18,66,931,NEW,
932,TSLA,SELL,LIMIT,417.45,407,932,NEW,
933,NVDA,BUY,LIMIT,183.19,98,933,NEW,
934,GOOGL,SELL,LIMIT,305.85,76,934,NEW,
935,GOOGL,SELL,LIMIT,305.92,340,935,NEW,
936,NVDA,BUY,LIMIT,183.28,67,936,NEW,
937,NVDA,BUY,LIMIT,183.12,67,937,NEW,
938,AMZN,BUY,LIMIT,198.77,85,938,NEW,
939,SPY,BUY,LIMIT,680.78,449,939,NEW,
940,TSLA,BUY,LIMIT,417.25,95,940,NEW,
941,GOOGL,BUY,LIMIT,305.73,68,941,NEW,
942,TSLA,SELL,LIMIT,417.61,81,942,NEW,
943,NVDA,SELL,LIMIT,183.24,95,943,NEW,
944,AMZN,SELL,LIMIT,198.8,74,944,NEW,
945,AAPL,SELL,LIMIT,255.4,34,945,NEW,
946,TSLA,BUY,LIMIT,417.43,45,946,NEW,
947,TSLA,SELL,LIMIT,417.49,4,947,NEW,
948,NVDA,BUY,LIMIT,183.06,54,948,NEW,
949,AAPL,SELL,LIMIT,255.34,55,949,NEW,
950,TSLA,SELL,LIMIT,417.6,34,950,NEW,
951,TSLA,SELL,LIMIT,417.43,6,951,NEW,
952,TSLA,BUY,LIMIT,417.21,91,952,NEW,
953,TSLA,SELL,LIMIT,417.44,60,953,NEW,
954,AAPL,SELL,LIMIT,255.25,9,954,NEW,
955,TSLA,SELL,LIMIT,417.59,83,955,NEW,
956,AMZN,SELL,LIMIT,198.78,6,956,NEW,
957,GOOGL,BUY,LIMIT,305.73,33,957,NEW,
958,NVDA,BUY,LIMIT,183.11,26,958,NEW,
959,TSLA,SELL,LIMIT,417.67,98,959,NEW,
960,META,SELL,LIMIT,641.54,3,960,NEW,
961,SPY,SELL,LIMIT,680.91,58,961,NEW,
962,AAPL,SELL,LIMIT,255.17,361,962,NEW,
963,SPY,BUY,LIMIT,680.59,9,963,NEW,
964,TSLA,BUY,LIMIT,417.47,364,964,NEW,
965,GOOGL,SELL,LIMIT,305.79,97,965,NEW,
966,SPY,SELL,LIMIT,680.86,24,966,NEW,
967,AMZN,SELL,LIMIT,198.72,40,967,NEW,
968,NVDA,SELL,LIMIT,183.05,30,968,NEW,
969,META,SELL,LIMIT,641.61,92,969,NEW,
970,AAPL,SELL,LIMIT,255.2,79,970,NEW,
971,META,SELL,LIMIT,641.53,95,971,NEW,
972,AMZN,SELL,LIMIT,198.73,82,972,NEW,
973,SPY,SELL,LIMIT,680.79,41,973,NEW,
974,AAPL,BUY,LIMIT,255.05,70,974,NEW,
975,TSLA,BUY,LIMIT,417.38,13,975,NEW,
976,MSFT,BUY,LIMIT,402.07,95,976,NEW,
977,MSFT,SELL,LIMIT,402.12,84,977,NEW,
978,MSFT,SELL,LIMIT,402.15,7,978,NEW,
979,AAPL,SELL,LIMIT,255.1,31,979,NEW,
980,TSLA,SELL,LIMIT,417.53,56,980,NEW,
981,AAPL,BUY,LIMIT,255.01,33,981,NEW,
982,AAPL,BUY,LIMIT,255.02,61,982,NEW,
983,GOOGL,BUY,LIMIT,305.56,24,983,NEW,
984,TSLA,BUY,LIMIT,417.52,84,984,NEW,
985,MSFT,SELL,LIMIT,402.02,84,985,NEW,
986,SPY,SELL,LIMIT,680.56,29,986,NEW,
987,META,SELL,LIMIT,641.35,332,987,NEW,
988,NVDA,BUY,LIMIT,183.09,3,988,NEW,
989,GOOGL,SELL,LIMIT,305.67,81,989,NEW,
990,META,BUY,LIMIT,640.91,20,990,NEW,
991,AMZN,BUY,LIMIT,198.65,67,991,NEW,
992,META,BUY,LIMIT,641.11,92,992,NEW,
993,AAPL,SELL,LIMIT,255.14,71,993,NEW,
994,TSLA,BUY,LIMIT,417.47,86,994,NEW,
995,MSFT,BUY,LIMIT,401.77,82,995,NEW,
996,MSFT,SELL,LIMIT,401.98,47,996,NEW,
997,AMZN,SELL,LIMIT,198.61,92,997,NEW,
998,MSFT,SELL,LIMIT,401.91,39,998,NEW,
999,SPY,SELL,LIMIT,680.3,100,999,NEW,
1000,AAPL,SELL,LIMIT,255.04,761,1000,NEW,
1001,AAPL,,,,,,CANCEL,787
1002,META,SELL,LIMIT,641.13,41,1001,NEW,
1003,GOOGL,,,,,,CANCEL,26
1004,TSLA,BUY,MARKET,,95,1002,NEW,
1005,AAPL,BUY,LIMIT,254.94,2,1003,NEW,
1006,AMZN,SELL,LIMIT,198.7,22,1004,NEW,
1007,SPY,,,680.79,1,,AMEND,973
1008,MSFT,,,402.08,69,,AMEND,217
1009,GOOGL,BUY,LIMIT,305.63,7,1005,NEW,
1010,AAPL,SELL,LIMIT,254.98,62,1006,NEW,
1011,SPY,SELL,LIMIT,680.36,56,1007,NEW,
1012,AMZN,SELL,LIMIT,198.69,77,1008,NEW,
1013,NVDA,BUY,LIMIT,183.08,4,1009,NEW,
1014,NVDA,,,182.7,1,,AMEND,573
1015,NVDA,,,183.09,57,,AMEND,667
1016,SPY,BUY,LIMIT,680.15,57,1010,NEW,
1017,GOOGL,,,,,,CANCEL,303
1018,TSLA,SELL,LIMIT,417.43,45,1011,NEW,
1019,MSFT,SELL,LIMIT,402.16,88,1012,NEW,
1020,AMZN,SELL,MARKET,,9,1013,NEW,
1021,TSLA,,,417.35,998,,AMEND,739
1022,MSFT,,,,,,CANCEL,805
1023,TSLA,SELL,LIMIT,417.31,235,1014,NEW,
1024,META,BUY,LIMIT,641.15,85,1015,NEW,
1025,AMZN,SELL,LIMIT,198.73,92,1016,NEW,
1026,GOOGL,SELL,LIMIT,305.67,62,1017,NEW,
1027,META,,,642.2,114,,AMEND,299
1028,MSFT,SELL,LIMIT,402.16,74,1018,NEW,
1029,TSLA,BUY,LIMIT,417.08,30,1019,NEW,
1030,META,SELL,LIMIT,641.62,32,1020,NEW,
1031,GOOGL,SELL,LIMIT,305.67,23,1021,NEW,
1032,MSFT,SELL,LIMIT,402.1,30,1022,NEW,
1033,NVDA,BUY,LIMIT,182.96,88,1023,NEW,
1034,GOOGL,,,305.6,1,,AMEND,419
1035,AMZN,SELL,LIMIT,198.8,54,1024,NEW,
1036,NVDA,BUY,LIMIT,183.02,74,1025,NEW,
1037,AMZN,BUY,LIMIT,198.75,2,1026,NEW,
1038,AAPL,SELL,LIMIT,255.01,3,1027,NEW,
1039,NVDA,BUY,LIMIT,183.08,48,1028,NEW,
1040,NVDA,SELL,LIMIT,183.1,98,1029,NEW,
1041,AAPL,BUY,LIMIT,254.84,56,1030,NEW,
1042,AMZN,SELL,LIMIT,198.79,11,1031,NEW,
1043,MSFT,SELL,LIMIT,402.04,821,1032,NEW,
1044,GOOGL,BUY,LIMIT,305.39,9,1033,NEW,
1045,AMZN,SELL,LIMIT,198.76,81,1034,NEW,
1046,NVDA,BUY,LIMIT,183.2,643,1035,NEW,
1047,TSLA,SELL,LIMIT,417.44,93,1036,NEW,
1048,AAPL,SELL,LIMIT,254.98,51,1037,NEW,
1049,MSFT,SELL,LIMIT,402.07,14,1038,NEW,
1050,GOOGL,,,,,,CANCEL,732
1051,AMZN,SELL,MARKET,,76,1039,NEW,
1052,MSFT,,,401.87,126,,AMEND,408
1053,MSFT,SELL,MARKET,,43,1040,NEW,
1054,NVDA,SELL,LIMIT,183.3,91,1041,NEW,
1055,SPY,,,680.59,1,,AMEND,881
1056,GOOGL,SELL,LIMIT,305.51,98,1042,NEW,
1057,GOOGL,SELL,LIMIT,305.53,17,1043,NEW,
1058,AAPL,SELL,LIMIT,255.09,579,1044,NEW,
1059,NVDA,,,,,,CANCEL,478
1060,AAPL,SELL,LIMIT,255.04,71,1045,NEW,
1061,META,BUY,LIMIT,641.34,96,1046,NEW,
1062,MSFT,SELL,LIMIT,401.97,91,1047,NEW,
1063,NVDA,SELL,LIMIT,183.31,62,1048,NEW,
1064,AMZN,,,198.94,139,,AMEND,395
1065,AMZN,SELL,LIMIT,198.82,549,1049,NEW,
1066,AAPL,SELL,LIMIT,255.08,15,1050,NEW,
1067,AAPL,SELL,LIMIT,255.1,25,1051,NEW,
1068,GOOGL,,,305.58,30,,AMEND,13
1069,TSLA,SELL,MARKET,,545,1052,NEW,
1070,MSFT,,,,,,CANCEL,302
1071,AMZN,SELL,MARKET,,48,1053,NEW,
1072,SPY,BUY,LIMIT,680.21,78,1054,NEW,
1073,AMZN,,,198.74,61,,AMEND,670
1074,NVDA,BUY,LIMIT,183.24,55,1055,NEW,
1075,AAPL,,,,,,CANCEL,581
1076,MSFT,SELL,MARKET,,21,1056,NEW,
1077,AAPL,SELL,LIMIT,255.25,234,1057,NEW,
1078,NVDA,BUY,LIMIT,183.43,10,1058,NEW,
1079,SPY,SELL,MARKET,,58,1059,NEW,
1080,TSLA,,,,,,CANCEL,269
1081,TSLA,,,417.55,250,,AMEND,469
1082,NVDA,BUY,LIMIT,183.44,63,1060,NEW,
1083,AAPL,SELL,MARKET,,876,1061,NEW,
1084,NVDA,SELL,LIMIT,183.5,771,1062,NEW,
1085,NVDA,SELL,LIMIT,183.43,73,1063,NEW,
1086,META,,,,,,CANCEL,623
1087,AMZN,,,,,,CANCEL,972
1088,META,BUY,MARKET,,35,1064,NEW,
1089,TSLA,,,,,,CANCEL,1014
1090,TSLA,BUY,LIMIT,417.13,516,1065,NEW,
1091,META,SELL,MARKET,,50,1066,NEW,
1092,NVDA,SELL,LIMIT,183.35,42,1067,NEW,
1093,GOOGL,,,,,,CANCEL,686
1094,AAPL,BUY,LIMIT,255.14,66,1068,NEW,
1095,AAPL,BUY,MARKET,,27,1069,NEW,
1096,AAPL,,,255.49,6,,AMEND,692
1097,AMZN,BUY,LIMIT,198.83,80,1070,NEW,
1098,GOOGL,SELL,LIMIT,305.57,63,1071,NEW,
1099,SPY,SELL,LIMIT,680.37,77,1072,NEW,
1100,MSFT,BUY,LIMIT,401.67,19,1073,NEW,
1101,SPY,BUY,LIMIT,680.16,61,1074,NEW,
1102,SPY,BUY,LIMIT,680.29,56,1075,NEW,
1103,META,,,,,,CANCEL,913
1104,NVDA,SELL,LIMIT,183.39,89,1076,NEW,
1105,AAPL,BUY,LIMIT,255.2,50,1077,NEW,
1106,MSFT,BUY,LIMIT,401.61,488,1078,NEW,
1107,NVDA,BUY,LIMIT,183.3,67,1079,NEW,
1108,GOOGL,BUY,LIMIT,305.48,33,1080,NEW,
1109,AMZN,SELL,LIMIT,198.85,55,1081,NEW,
1110,GOOGL,,,305.7,130,,AMEND,95
1111,TSLA,BUY,LIMIT,417.27,6,1082,NEW,
1112,TSLA,,,417.6,1,,AMEND,659
1113,AAPL,,,,,,CANCEL,910
1114,AAPL,BUY,LIMIT,255.11,92,1083,NEW,
1115,MSFT,,,401.97,72,,AMEND,357
1116,MSFT,BUY,MARKET,,99,1084,NEW,
1117,NVDA,SELL,MARKET,,42,1085,NEW,
1118,AMZN,BUY,LIMIT,198.81,18,1086,NEW,
1119,META,,,640.99,27,,AMEND,869
1120,TSLA,SELL,LIMIT,417.85,1,1087,NEW,
1121,AAPL,BUY,LIMIT,255.08,94,1088,NEW,
1122,AAPL,BUY,LIMIT,255.1,36,1089,NEW,
1123,MSFT,SELL,LIMIT,401.6,794,1090,NEW,
1124,MSFT,SELL,MARKET,,27,1091,NEW,
1125,NVDA,SELL,LIMIT,183.19,84,1092,NEW,
1126,AMZN,SELL,LIMIT,198.95,17,1093,NEW,
1127,TSLA,,,,,,CANCEL,329
1128,AMZN,BUY,LIMIT,198.86,90,1094,NEW,
1129,MSFT,SELL,LIMIT,401.58,65,1095,NEW,
1130,SPY,BUY,LIMIT,680.29,19,1096,NEW,
1131,AAPL,SELL,LIMIT,255.2,35,1097,NEW,
1132,GOOGL,BUY,LIMIT,305.5,42,1098,NEW,
1133,GOOGL,SELL,LIMIT,305.67,50,1099,NEW,
1134,SPY,BUY,LIMIT,680.23,31,1100,NEW,
1135,NVDA,BUY,LIMIT,183.15,73,1101,NEW,
1136,NVDA,SELL,MARKET,,26,1102,NEW,
1137,GOOGL,BUY,LIMIT,305.55,66,1103,NEW,
1138,SPY,BUY,LIMIT,680.25,97,1104,NEW,
1139,META,BUY,MARKET,,37,1105,NEW,
1140,META,BUY,LIMIT,640.87,95,1106,NEW,
1141,NVDA,SELL,LIMIT,183.31,14,1107,NEW,
1142,NVDA,BUY,LIMIT,183.17,19,1108,NEW,
1143,GOOGL,BUY,LIMIT,305.55,54,1109,NEW,
1144,SPY,,,,,,CANCEL,598
1145,AMZN,BUY,LIMIT,198.81,16,1110,NEW,
1146,SPY,SELL,LIMIT,680.55,614,1111,NEW,
1147,SPY,SELL,LIMIT,680.43,90,1112,NEW,
1148,SPY,BUY,LIMIT,680.4,66,1113,NEW,
1149,SPY,,,,,,CANCEL,416
1150,AMZN,SELL,LIMIT,198.9,4,1114,NEW,
1151,NVDA,SELL,MARKET,,19,1115,NEW,
1152,SPY,BUY,LIMIT,680.35,2,1116,NEW,
1153,SPY,BUY,LIMIT,680.25,49,1117,NEW,
1154,AAPL,,,255.13,1,,AMEND,259
1155,SPY,,,,,,CANCEL,496
1156,AMZN,BUY,LIMIT,198.8,92,1118,NEW,
1157,TSLA,,,,,,CANCEL,1036
1158,AAPL,BUY,LIMIT,255.01,79,1119,NEW,
1159,META,SELL,LIMIT,641.34,99,1120,NEW,
1160,TSLA,BUY,LIMIT,417.69,815,1121,NEW,
1161,SPY,,,,,,CANCEL,348
1162,AMZN,BUY,LIMIT,198.74,13,1122,NEW,
1163,AAPL,,,,,,CANCEL,1050
1164,NVDA,SELL,LIMIT,183.18,7,1123,NEW,
1165,NVDA,BUY,LIMIT,183.15,7,1124,NEW,
1166,META,BUY,LIMIT,641.41,66,1125,NEW,
1167,NVDA,,,182.45,192,,AMEND,251
1168,NVDA,BUY,LIMIT,183.08,50,1126,NEW,
1169,TSLA,,,,,,CANCEL,616
1170,NVDA,BUY,LIMIT,183.13,959,1127,NEW,
1171,MSFT,BUY,LIMIT,401.52,18,1128,NEW,
1172,META,,,,,,CANCEL,203
1173,AAPL,BUY,LIMIT,255.01,90,1129,NEW,
1174,TSLA,SELL,LIMIT,417.62,73,1130,NEW,
1175,AMZN,SELL,MARKET,,4,1131,NEW,
1176,AAPL,SELL,LIMIT,255.11,85,1132,NEW,
1177,SPY,BUY,LIMIT,680.4,9,1133,NEW,
1178,SPY,SELL,LIMIT,680.6,97,1134,NEW,
1179,MSFT,,,,,,CANCEL,194
1180,NVDA,,,,,,CANCEL,813
1181,SPY,BUY,MARKET,,87,1135,NEW,
1182,TSLA,,,417.69,25,,AMEND,894
1183,NVDA,SELL,MARKET,,25,1136,NEW,
1184,TSLA,,,417.7,450,,AMEND,56
1185,AAPL,SELL,LIMIT,255.08,44,1137,NEW,
1186,TSLA,,,417.7,1,,AMEND,629
1187,TSLA,SELL,MARKET,,39,1138,NEW,
1188,SPY,BUY,MARKET,,19,1139,NEW,
1189,GOOGL,,,,,,CANCEL,759
1190,AAPL,SELL,LIMIT,255.15,32,1140,NEW,
1191,SPY,,,,,,CANCEL,17
1192,TSLA,BUY,MARKET,,68,1141,NEW,
1193,TSLA,BUY,LIMIT,417.39,55,1142,NEW,
1194,META,SELL,LIMIT,641.62,1,1143,NEW,
1195,AMZN,SELL,LIMIT,198.89,22,1144,NEW,
1196,META,,,,,,CANCEL,749
1197,TSLA,SELL,LIMIT,417.45,91,1145,NEW,
1198,NVDA,BUY,MARKET,,66,1146,NEW,
1199,MSFT,SELL,LIMIT,401.74,62,1147,NEW,
1200,MSFT,,,401.92,202,,AMEND,393
1201,TSLA,BUY,LIMIT,417.15,61,1148,NEW,
1202,MSFT,BUY,LIMIT,401.58,57,1149,NEW,
1203,META,,,,,,CANCEL,969
1204,META,BUY,LIMIT,641.64,62,1150,NEW,
1205,AMZN,BUY,LIMIT,198.81,31,1151,NEW,
1206,TSLA,,,419.08,132,,AMEND,215
1207,TSLA,SELL,LIMIT,417.52,39,1152,NEW,
1208,AAPL,BUY,LIMIT,255.07,49,1153,NEW,
1209,MSFT,,,,,,CANCEL,782
1210,MSFT,SELL,LIMIT,401.71,26,1154,NEW,
1211,TSLA,,,417.3,192,,AMEND,281
1212,SPY,BUY,LIMIT,680.14,76,1155,NEW,
1213,META,,,642.03,1,,AMEND,165
1214,AAPL,,,,,,CANCEL,140
1215,TSLA,,,417.01,972,,AMEND,810
1216,TSLA,,,,,,CANCEL,951
1217,SPY,,,680.08,216,,AMEND,399
1218,NVDA,BUY,LIMIT,183.33,95,1156,NEW,
1219,NVDA,BUY,LIMIT,183.3,50,1157,NEW,
1220,SPY,,,,,,CANCEL,62
1221,AAPL,BUY,LIMIT,255.04,91,1158,NEW,
1222,TSLA,BUY,LIMIT,417.11,40,1159,NEW,
1223,NVDA,BUY,LIMIT,183.27,75,1160,NEW,
1224,NVDA,,,,,,CANCEL,1048
1225,AMZN,SELL,MARKET,,77,1161,NEW,
1226,AMZN,SELL,LIMIT,198.85,90,1162,NEW,
1227,TSLA,BUY,LIMIT,417.38,56,1163,NEW,
1228,AMZN,BUY,LIMIT,198.78,22,1164,NEW,
1229,MSFT,SELL,LIMIT,401.64,16,1165,NEW,
1230,META,,,,,,CANCEL,724
1231,TSLA,SELL,MARKET,,54,1166,NEW,
1232,NVDA,SELL,LIMIT,183.41,96,1167,NEW,
1233,AAPL,SELL,LIMIT,255.2,9,1168,NEW,
1234,SPY,,,680.29,75,,AMEND,928
1235,NVDA,BUY,LIMIT,183.38,86,1169,NEW,
1236,AMZN,,,,,,CANCEL,481
1237,MSFT,BUY,LIMIT,401.39,4,1170,NEW,
1238,MSFT,BUY,LIMIT,401.22,33,1171,NEW,
1239,MSFT,SELL,MARKET,,68,1172,NEW,
1240,AAPL,SELL,MARKET,,17,1173,NEW,
1241,SPY,SELL,MARKET,,31,1174,NEW,
1242,MSFT,,,402.39,1,,AMEND,858
1243,META,BUY,LIMIT,641.61,676,1175,NEW,
1244,META,BUY,LIMIT,641.42,9,1176,NEW,
1245,MSFT,SELL,LIMIT,401.32,9,1177,NEW,
1246,NVDA,,,,,,CANCEL,758
1247,SPY,,,,,,CANCEL,1134
1248,META,BUY,MARKET,,343,1178,NEW,
1249,SPY,BUY,LIMIT,679.89,7,1179,NEW,
1250,GOOGL,SELL,LIMIT,305.71,93,1180,NEW,
1251,AMZN,SELL,LIMIT,198.88,55,1181,NEW,
1252,AMZN,SELL,LIMIT,198.98,257,1182,NEW,
1253,META,BUY,MARKET,,37,1183,NEW,
1254,TSLA,BUY,MARKET,,13,1184,NEW,
1255,AMZN,SELL,LIMIT,198.97,17,1185,NEW,
1256,AAPL,BUY,LIMIT,255.22,96,1186,NEW,
1257,AMZN,BUY,MARKET,,492,1187,NEW,
1258,TSLA,BUY,MARKET,,40,1188,NEW,
1259,GOOGL,BUY,MARKET,,38,1189,NEW,
1260,AMZN,BUY,LIMIT,198.93,91,1190,NEW,
1261,SPY,BUY,LIMIT,679.7,63,1191,NEW,
1262,TSLA,SELL,LIMIT,417.3,52,1192,NEW,
1263,SPY,SELL,LIMIT,679.9,78,1193,NEW,
1264,AMZN,SELL,LIMIT,199.12,36,1194,NEW,
1265,SPY,SELL,LIMIT,680,25,1195,NEW,
1266,AAPL,SELL,LIMIT,255.34,65,1196,NEW,
1267,NVDA,,,183.28,56,,AMEND,936
1268,META,,,641.83,8,,AMEND,369
1269,GOOGL,SELL,MARKET,,308,1197,NEW,
1270,AAPL,,,255.31,301,,AMEND,362
1271,AAPL,SELL,LIMIT,255.42,87,1198,NEW,
1272,AAPL,,,255.38,24,,AMEND,53
1273,TSLA,,,418.07,207,,AMEND,48
1274,TSLA,BUY,LIMIT,417.08,52,1199,NEW,
1275,NVDA,SELL,LIMIT,183.39,91,1200,NEW,
1276,MSFT,BUY,MARKET,,79,1201,NEW,
1277,MSFT,,,401.3,80,,AMEND,715
1278,SPY,SELL,MARKET,,33,1202,NEW,
1279,MSFT,SELL,LIMIT,401.29,26,1203,NEW,
1280,AMZN,,,198.89,881,,AMEND,226
1281,AAPL,,,,,,CANCEL,205
1282,TSLA,SELL,LIMIT,417.49,63,1204,NEW,
1283,NVDA,SELL,LIMIT,183.4,751,1205,NEW,
1284,SPY,BUY,MARKET,,31,1206,NEW,
1285,GOOGL,BUY,LIMIT,305.92,29,1207,NEW,
1286,AMZN,,,,,,CANCEL,307
1287,GOOGL,BUY,LIMIT,305.84,4,1208,NEW,
1288,AAPL,SELL,MARKET,,10,1209,NEW,
1289,MSFT,BUY,LIMIT,401.11,12,1210,NEW,
1290,AAPL,BUY,LIMIT,255.33,39,1211,NEW,
1291,AAPL,SELL,LIMIT,255.44,50,1212,NEW,
1292,AAPL,SELL,LIMIT,255.33,685,1213,NEW,
1293,AAPL,,,,,,CANCEL,545
1294,NVDA,,,183.39,117,,AMEND,937
1295,AAPL,SELL,LIMIT,255.26,262,1214,NEW,
1296,AAPL,BUY,MARKET,,2,1215,NEW,
1297,AMZN,BUY,LIMIT,199.1,84,1216,NEW,
1298,SPY,BUY,LIMIT,679.77,2,1217,NEW,
1299,AAPL,SELL,LIMIT,255.33,94,1218,NEW,
1300,AAPL,SELL,LIMIT,255.23,19,1219,NEW,
1301,GOOGL,BUY,LIMIT,305.91,20,1220,NEW,
1302,SPY,,,679.68,23,,AMEND,254
1303,AAPL,BUY,LIMIT,255.17,767,1221,NEW,
1304,TSLA,,,417.49,50,,AMEND,576
1305,NVDA,SELL,LIMIT,183.56,352,1222,NEW,
1306,AAPL,,,,,,CANCEL,502
1307,NVDA,,,183.09,39,,AMEND,879
1308,NVDA,SELL,LIMIT,183.66,48,1223,NEW,
1309,MSFT,,,401.33,1,,AMEND,720
1310,SPY,BUY,LIMIT,679.63,1,1224,NEW,
1311,AAPL,SELL,MARKET,,72,1225,NEW,
1312,AMZN,SELL,MARKET,,465,1226,NEW,
1313,GOOGL,SELL,LIMIT,306.17,84,1227,NEW,
1314,SPY,SELL,LIMIT,679.87,45,1228,NEW,
1315,AMZN,SELL,LIMIT,199.04,19,1229,NEW,
1316,MSFT,BUY,LIMIT,401.15,22,1230,NEW,
1317,AMZN,,,,,,CANCEL,438
1318,AAPL,SELL,LIMIT,255.44,7,1231,NEW,
1319,MSFT,BUY,LIMIT,400.98,58,1232,NEW,
1320,SPY,,,,,,CANCEL,539
1321,AAPL,BUY,LIMIT,255.39,42,1233,NEW,
1322,AAPL,,,255.48,67,,AMEND,778
1323,NVDA,,,183.68,34,,AMEND,382
1324,META,SELL,LIMIT,641.93,224,1234,NEW,
1325,AMZN,SELL,MARKET,,93,1235,NEW,
1326,AMZN,BUY,LIMIT,199.01,72,1236,NEW,
1327,SPY,BUY,LIMIT,679.5,32,1237,NEW,
1328,AAPL,SELL,LIMIT,255.54,53,1238,NEW,
1329,SPY,,,,,,CANCEL,323
1330,NVDA,SELL,LIMIT,183.74,30,1239,NEW,
1331,AMZN,,,198.69,53,,AMEND,1008
1332,GOOGL,,,,,,CANCEL,1208
1333,NVDA,,,,,,CANCEL,1167
1334,GOOGL,,,306.08,29,,AMEND,210
1335,TSLA,BUY,LIMIT,417.44,59,1240,NEW,
1336,AMZN,SELL,LIMIT,199.04,73,1241,NEW,
1337,GOOGL,,,,,,CANCEL,822
1338,NVDA,BUY,LIMIT,183.75,60,1242,NEW,
1339,AAPL,SELL,LIMIT,255.49,72,1243,NEW,
1340,NVDA,,,,,,CANCEL,783
1341,NVDA,SELL,MARKET,,15,1244,NEW,
1342,TSLA,SELL,LIMIT,417.47,6,1245,NEW,
1343,SPY,BUY,LIMIT,679.8,63,1246,NEW,
1344,MSFT,BUY,LIMIT,401.11,89,1247,NEW,
1345,SPY,SELL,LIMIT,679.89,814,1248,NEW,
1346,MSFT,BUY,LIMIT,401.08,76,1249,NEW,
1347,MSFT,BUY,LIMIT,401.15,26,1250,NEW,
1348,AAPL,,,,,,CANCEL,817
1349,AAPL,,,255.69,1,,AMEND,160
1350,AMZN,BUY,LIMIT,199.02,31,1251,NEW,
1351,NVDA,BUY,MARKET,,90,1252,NEW,
1352,MSFT,SELL,LIMIT,401.35,59,1253,NEW,
1353,AMZN,SELL,LIMIT,199.06,30,1254,NEW,
1354,AMZN,BUY,MARKET,,62,1255,NEW,
1355,AAPL,BUY,LIMIT,255.39,724,1256,NEW,
1356,MSFT,,,401.17,1,,AMEND,280
1357,AAPL,BUY,LIMIT,255.42,59,1257,NEW,
1358,MSFT,SELL,MARKET,,65,1258,NEW,
1359,TSLA,SELL,MARKET,,1,1259,NEW,
1360,SPY,SELL,LIMIT,679.97,69,1260,NEW,
1361,NVDA,BUY,LIMIT,183.63,88,1261,NEW,
1362,MSFT,SELL,MARKET,,43,1262,NEW,
1363,AMZN,BUY,LIMIT,198.91,29,1263,NEW,
1364,TSLA,BUY,LIMIT,417.33,71,1264,NEW,
1365,AAPL,SELL,LIMIT,255.57,43,1265,NEW,
1366,MSFT,,,,,,CANCEL,1128
1367,SPY,BUY,LIMIT,679.92,19,1266,NEW,
1368,GOOGL,SELL,LIMIT,306.17,890,1267,NEW,
1369,AMZN,SELL,LIMIT,198.93,93,1268,NEW,
1370,NVDA,BUY,LIMIT,183.77,19,1269,NEW,
1371,GOOGL,,,306.09,1,,AMEND,768
1372,AAPL,BUY,LIMIT,255.42,22,1270,NEW,
1373,NVDA,BUY,MARKET,,66,1271,NEW,
1374,NVDA,SELL,MARKET,,75,1272,NEW,
1375,MSFT,SELL,LIMIT,401.46,94,1273,NEW,
1376,AAPL,,,,,,CANCEL,751
1377,NVDA,SELL,LIMIT,183.72,86,1274,NEW,
1378,AAPL,,,255.84,68,,AMEND,122
1379,MSFT,BUY,LIMIT,401.35,356,1275,NEW,
1380,META,BUY,MARKET,,70,1276,NEW,
1381,GOOGL,BUY,LIMIT,306.1,59,1277,NEW,
1382,TSLA,SELL,LIMIT,417.71,97,1278,NEW,
1383,GOOGL,BUY,MARKET,,6,1279,NEW,
1384,NVDA,BUY,LIMIT,183.66,55,1280,NEW,
1385,NVDA,BUY,MARKET,,40,1281,NEW,
1386,AMZN,SELL,LIMIT,198.94,82,1282,NEW,
1387,SPY,SELL,LIMIT,680.09,39,1283,NEW,
1388,MSFT,SELL,LIMIT,401.5,100,1284,NEW,
1389,NVDA,SELL,LIMIT,183.74,9,1285,NEW,
1390,GOOGL,SELL,LIMIT,306.26,50,1286,NEW,
1391,NVDA,,,,,,CANCEL,933
1392,AAPL,BUY,LIMIT,255.34,36,1287,NEW,
1393,AAPL,,,255.39,757,,AMEND,1221
1394,AAPL,BUY,LIMIT,255.3,80,1288,NEW,
1395,SPY,SELL,LIMIT,680.15,4,1289,NEW,
1396,AMZN,BUY,LIMIT,198.83,3,1290,NEW,
1397,TSLA,BUY,MARKET,,2,1291,NEW,
1398,GOOGL,,,,,,CANCEL,397
1399,MSFT,SELL,LIMIT,401.68,22,1292,NEW,
1400,AAPL,SELL,LIMIT,255.47,74,1293,NEW,
1401,META,,,641.97,58,,AMEND,1120
1402,AAPL,SELL,MARKET,,22,1294,NEW,
1403,AMZN,SELL,LIMIT,198.89,92,1295,NEW,
1404,AAPL,BUY,LIMIT,255.38,95,1296,NEW,
1405,TSLA,BUY,LIMIT,417.74,41,1297,NEW,
1406,AAPL,,,,,,CANCEL,1293
1407,SPY,SELL,LIMIT,680.18,474,1298,NEW,
1408,TSLA,BUY,LIMIT,417.85,56,1299,NEW,
1409,AAPL,,,,,,CANCEL,262
1410,AAPL,BUY,LIMIT,255.27,34,1300,NEW,
1411,SPY,SELL,LIMIT,680.18,75,1301,NEW,
1412,AAPL,BUY,MARKET,,16,1302,NEW,
1413,META,SELL,MARKET,,12,1303,NEW,
1414,GOOGL,,,,,,CANCEL,103
1415,MSFT,BUY,LIMIT,401.55,333,1304,NEW,
1416,AAPL,SELL,MARKET,,45,1305,NEW,
1417,AAPL,,,255.25,1,,AMEND,811
1418,NVDA,SELL,LIMIT,183.73,40,1306,NEW,
1419,AMZN,,,,,,CANCEL,482
1420,TSLA,SELL,MARKET,,64,1307,NEW,
1421,NVDA,SELL,MARKET,,63,1308,NEW,
1422,AMZN,SELL,LIMIT,198.81,6,1309,NEW,
1423,SPY,,,679.81,33,,AMEND,1193
1424,NVDA,BUY,LIMIT,183.65,44,1310,NEW,
1425,META,,,641.13,3,,AMEND,1001
1426,SPY,SELL,LIMIT,679.85,59,1311,NEW,
1427,AMZN,,,198.89,1,,AMEND,512
1428,META,BUY,LIMIT,641.97,84,1312,NEW,
1429,AAPL,SELL,LIMIT,255.24,5,1313,NEW,
1430,AAPL,BUY,MARKET,,77,1314,NEW,
1431,TSLA,SELL,LIMIT,418.33,39,1315,NEW,
1432,GOOGL,,,,,,CANCEL,210
1433,MSFT,BUY,LIMIT,401.49,58,1316,NEW,
1434,AMZN,SELL,LIMIT,198.76,30,1317,NEW,
1435,GOOGL,BUY,LIMIT,306.13,99,1318,NEW,
1436,GOOGL,BUY,MARKET,,18,1319,NEW,
1437,SPY,BUY,MARKET,,2,1320,NEW,
1438,AMZN,SELL,MARKET,,86,1321,NEW,
1439,MSFT,SELL,LIMIT,401.72,95,1322,NEW,
1440,AMZN,BUY,LIMIT,198.8,47,1323,NEW,
1441,SPY,SELL,LIMIT,679.73,45,1324,NEW,
1442,GOOGL,SELL,LIMIT,306.03,891,1325,NEW,
1443,TSLA,BUY,LIMIT,418.38,12,1326,NEW,
1444,TSLA,BUY,MARKET,,89,1327,NEW,
1445,AMZN,,,,,,CANCEL,263
1446,SPY,BUY,LIMIT,679.4,582,1328,NEW,
1447,SPY,,,,,,CANCEL,939
1448,NVDA,BUY,LIMIT,183.73,77,1329,NEW,
1449,MSFT,,,,,,CANCEL,858
1450,MSFT,SELL,MARKET,,27,1330,NEW,
1451,NVDA,BUY,LIMIT,183.69,973,1331,NEW,
1452,NVDA,,,,,,CANCEL,526
1453,SPY,,,,,,CANCEL,803
1454,TSLA,BUY,LIMIT,418.78,76,1332,NEW,
1455,NVDA,SELL,MARKET,,11,1333,NEW,
1456,SPY,,,,,,CANCEL,124
1457,AMZN,,,198.83,55,,AMEND,490
1458,AAPL,SELL,MARKET,,66,1334,NEW,
1459,SPY,SELL,MARKET,,51,1335,NEW,
1460,AAPL,BUY,MARKET,,26,1336,NEW,
1461,AMZN,SELL,LIMIT,198.81,44,1337,NEW,
1462,NVDA,,,183.35,186,,AMEND,1067
1463,NVDA,BUY,LIMIT,183.64,714,1338,NEW,
1464,AAPL,SELL,LIMIT,255.13,25,1339,NEW,
1465,AAPL,SELL,LIMIT,255.05,219,1340,NEW,
1466,META,,,642.35,70,,AMEND,921
1467,AMZN,SELL,LIMIT,198.89,65,1341,NEW,
1468,NVDA,,,,,,CANCEL,1331
1469,AAPL,BUY,LIMIT,255.04,59,1342,NEW,
1470,MSFT,SELL,LIMIT,401.81,78,1343,NEW,
1471,GOOGL,BUY,LIMIT,306,99,1344,NEW,
1472,GOOGL,,,306.14,234,,AMEND,20489
1473,SPY,BUY,LIMIT,679.65,58,1345,NEW,
1474,TSLA,SELL,MARKET,,63,1346,NEW,
1475,NVDA,SELL,LIMIT,183.82,912,1347,NEW,
1476,AMZN,BUY,LIMIT,198.76,22,1348,NEW,
1477,AAPL,,,255.1,316,,AMEND,962
1478,TSLA,,,,,,CANCEL,401
1479,SPY,,,,,,CANCEL,999
1480,AAPL,,,,,,CANCEL,846
1481,MSFT,,,401.78,101,,AMEND,351
1482,MSFT,BUY,LIMIT,401.59,86,1349,NEW,
1483,MSFT,BUY,MARKET,,92,1350,NEW,
1484,NVDA,,,,,,CANCEL,76
1485,AAPL,BUY,LIMIT,254.95,35,1351,NEW,
1486,NVDA,SELL,LIMIT,183.81,28,1352,NEW,
1487,AAPL,BUY,LIMIT,254.96,78,1353,NEW,
1488,SPY,SELL,MARKET,,73,1354,NEW,
1489,GOOGL,,,306.12,778,,AMEND,703
1490,TSLA,,,,,,CANCEL,200
1491,GOOGL,BUY,LIMIT,306.22,40,1355,NEW,
1492,META,BUY,LIMIT,642.33,24,1356,NEW,
1493,AAPL,BUY,LIMIT,255,32,1357,NEW,
1494,NVDA,,,,,,CANCEL,368
1495,MSFT,,,401.66,63,,AMEND,244
1496,SPY,BUY,LIMIT,679.53,26,1358,NEW,
1497,AAPL,BUY,MARKET,,62,1359,NEW,
1498,SPY,SELL,MARKET,,86,1360,NEW,
1499,TSLA,SELL,LIMIT,419.14,46,1361,NEW,
1500,AMZN,,,,,,CANCEL,144
1501,META,SELL,LIMIT,642.36,9,1362,NEW,
1502,AAPL,,,255.02,21,,AMEND,719
1503,NVDA,BUY,LIMIT,183.77,91,1363,NEW,
1504,AAPL,SELL,LIMIT,254.98,35,1364,NEW,
1505,NVDA,SELL,LIMIT,183.76,45,1365,NEW,
1506,AMZN,BUY,MARKET,,82,1366,NEW,
1507,META,,,,,,CANCEL,497
1508,META,SELL,LIMIT,642.47,22,1367,NEW,
1509,MSFT,BUY,LIMIT,401.47,88,1368,NEW,
1510,NVDA,BUY,LIMIT,183.67,10,1369,NEW,
1511,AMZN,SELL,LIMIT,198.84,70,1370,NEW,
1512,AMZN,,,,,,CANCEL,241
1513,GOOGL,BUY,LIMIT,306.26,57,1371,NEW,
1514,NVDA,,,,,,CANCEL,116
1515,GOOGL,BUY,LIMIT,306.22,703,1372,NEW,
1516,MSFT,,,,,,CANCEL,745
1517,TSLA,SELL,LIMIT,418.99,58,1373,NEW,
1518,MSFT,,,,,,CANCEL,1247
1519,AAPL,BUY,LIMIT,254.9,802,1374,NEW,
1520,AAPL,BUY,MARKET,,593,1375,NEW,
1521,AAPL,SELL,LIMIT,255,85,1376,NEW,
1522,META,BUY,LIMIT,642.58,93,1377,NEW,
1523,GOOGL,BUY,LIMIT,306.19,4,1378,NEW,
1524,SPY,BUY,MARKET,,69,1379,NEW,
1525,META,BUY,LIMIT,642.93,9,1380,NEW,
1526,AMZN,SELL,LIMIT,198.81,41,1381,NEW,
1527,SPY,BUY,MARKET,,60,1382,NEW,
1528,SPY,,,,,,CANCEL,467
1529,AMZN,,,198.92,13,,AMEND,426
1530,MSFT,SELL,LIMIT,401.56,54,1383,NEW,
1531,AMZN,BUY,LIMIT,198.67,12,1384,NEW,
1532,NVDA,BUY,LIMIT,183.58,5,1385,NEW,
1533,SPY,SELL,LIMIT,679.92,67,1386,NEW,
1534,AMZN,,,,,,CANCEL,615
1535,AMZN,SELL,MARKET,,94,1387,NEW,
1536,AMZN,BUY,LIMIT,198.74,50,1388,NEW,
1537,TSLA,,,,,,CANCEL,1142
1538,TSLA,BUY,LIMIT,418.48,63,1389,NEW,
1539,NVDA,SELL,LIMIT,183.67,41,1390,NEW,
1540,AMZN,SELL,LIMIT,198.85,46,1391,NEW,
1541,MSFT,BUY,LIMIT,401.58,58,1392,NEW,
1542,MSFT,BUY,LIMIT,401.51,89,1393,NEW,
1543,GOOGL,SELL,LIMIT,306.2,569,1394,NEW,
1544,SPY,,,,,,CANCEL,1054
1545,AMZN,BUY,MARKET,,594,1395,NEW,
1546,NVDA,SELL,MARKET,,94,1396,NEW,
1547,TSLA,SELL,LIMIT,418.76,41,1397,NEW,
1548,AAPL,SELL,LIMIT,254.96,70,1398,NEW,
1549,GOOGL,,,306.05,68,,AMEND,425
1550,AAPL,,,,,,CANCEL,1374
1551,GOOGL,SELL,LIMIT,306.16,57,1399,NEW,
1552,SPY,BUY,MARKET,,38,1400,NEW,
1553,NVDA,SELL,MARKET,,49,1401,NEW,
1554,TSLA,,,418.01,19,,AMEND,391
1555,AAPL,SELL,MARKET,,28,1402,NEW,
1556,AAPL,,,,,,CANCEL,259
1557,NVDA,,,,,,CANCEL,300
1558,SPY,BUY,LIMIT,679.55,21,1403,NEW,
1559,MSFT,,,401.73,23,,AMEND,1253
1560,NVDA,,,,,,CANCEL,855
1561,NVDA,,,,,,CANCEL,321
1562,AAPL,SELL,LIMIT,255.14,63,1404,NEW,
1563,GOOGL,,,,,,CANCEL,927
1564,NVDA,SELL,LIMIT,183.59,4,1405,NEW,
1565,NVDA,BUY,LIMIT,183.43,93,1406,NEW,
1566,AAPL,BUY,MARKET,,19,1407,NEW,
1567,NVDA,SELL,MARKET,,69,1408,NEW,
1568,MSFT,BUY,MARKET,,29,1409,NEW,
1569,NVDA,,,183.53,1,,AMEND,662
1570,NVDA,,,,,,CANCEL,306
1571,NVDA,BUY,LIMIT,183.52,57,1410,NEW,
1572,META,,,,,,CANCEL,276
1573,AMZN,,,,,,CANCEL,606
1574,AMZN,BUY,LIMIT,198.77,50,1411,NEW,
1575,AMZN,SELL,LIMIT,198.88,36,1412,NEW,
1576,AMZN,,,198.77,47,,AMEND,1411
1577,AMZN,BUY,LIMIT,198.74,65,1413,NEW,
1578,NVDA,SELL,LIMIT,183.57,3,1414,NEW,
1579,META,SELL,LIMIT,643.41,61,1415,NEW,
1580,NVDA,,,,,,CANCEL,879
1581,SPY,BUY,LIMIT,679.58,7,1416,NEW,
1582,MSFT,BUY,MARKET,,19,1417,NEW,
1583,MSFT,,,,,,CANCEL,224
1584,AMZN,SELL,LIMIT,198.73,13,1418,NEW,
1585,META,SELL,LIMIT,643.44,14,1419,NEW,
1586,NVDA,BUY,MARKET,,66,1420,NEW,
1587,NVDA,,,183.66,36,,AMEND,1280
1588,AMZN,BUY,LIMIT,198.68,27,1421,NEW,
1589,META,,,641.38,42,,AMEND,626
1590,AMZN,SELL,LIMIT,198.72,31,1422,NEW,
1591,GOOGL,BUY,LIMIT,306.06,23,1423,NEW,
1592,AMZN,SELL,LIMIT,198.7,44,1424,NEW,
1593,META,SELL,MARKET,,39,1425,NEW,
1594,MSFT,,,401.9,41,,AMEND,330
1595,SPY,BUY,LIMIT,679.61,45,1426,NEW,
1596,MSFT,,,,,,CANCEL,1273
1597,TSLA,SELL,MARKET,,94,1427,NEW,
1598,AAPL,,,,,,CANCEL,1398
1599,GOOGL,SELL,MARKET,,78,1428,NEW,
1600,GOOGL,BUY,LIMIT,306.04,45,1429,NEW,
1601,META,,,643.03,1,,AMEND,727
1602,META,BUY,LIMIT,643.06,54,1430,NEW,
1603,NVDA,BUY,LIMIT,183.49,52,1431,NEW,
1604,SPY,,,,,,CANCEL,793
1605,SPY,SELL,LIMIT,679.85,290,1432,NEW,
1606,NVDA,SELL,LIMIT,183.49,25,1433,NEW,
1607,META,,,643.43,1,,AMEND,495
1608,AAPL,BUY,MARKET,,60,1434,NEW,
1609,GOOGL,SELL,LIMIT,306.26,707,1435,NEW,
1610,META,SELL,LIMIT,643.92,26,1436,NEW,
1611,NVDA,BUY,LIMIT,183.34,9,1437,NEW,
1612,AAPL,BUY,LIMIT,254.92,1,1438,NEW,
1613,AMZN,,,,,,CANCEL,166
1614,TSLA,BUY,MARKET,,35,1439,NEW,
1615,NVDA,SELL,LIMIT,183.44,68,1440,NEW,
1616,AAPL,BUY,MARKET,,1,1441,NEW,
1617,SPY,BUY,LIMIT,679.57,85,1442,NEW,
1618,AAPL,,,,,,CANCEL,807
1619,MSFT,,,,,,CANCEL,163
1620,GOOGL,SELL,LIMIT,306.17,63,1443,NEW,
1621,NVDA,BUY,MARKET,,54,1444,NEW,
1622,SPY,SELL,LIMIT,679.78,88,1445,NEW,
1623,SPY,SELL,LIMIT,679.92,48,1446,NEW,
1624,TSLA,BUY,LIMIT,418.34,89,1447,NEW,
1625,AMZN,SELL,LIMIT,198.62,8,1448,NEW,
1626,NVDA,BUY,MARKET,,77,1449,NEW,
1627,GOOGL,SELL,LIMIT,306.05,2,1450,NEW,
1628,AMZN,SELL,LIMIT,198.63,29,1451,NEW,
1629,MSFT,SELL,MARKET,,347,1452,NEW,
1630,SPY,BUY,LIMIT,679.83,957,1453,NEW,
1631,SPY,SELL,LIMIT,680.07,6,1454,NEW,
1632,MSFT,SELL,LIMIT,401.91,2,1455,NEW,
1633,MSFT,SELL,MARKET,,275,1456,NEW,
1634,NVDA,,,183.72,41,,AMEND,1274
1635,AMZN,,,,,,CANCEL,404
1636,NVDA,,,,,,CANCEL,517
1637,AAPL,,,254.94,57,,AMEND,173
1638,MSFT,SELL,LIMIT,401.9,74,1457,NEW,
1639,NVDA,BUY,LIMIT,183.11,25,1458,NEW,
1640,META,SELL,MARKET,,33,1459,NEW,
1641,META,BUY,MARKET,,85,1460,NEW,
1642,MSFT,SELL,LIMIT,401.86,61,1461,NEW,
1643,TSLA,,,,,,CANCEL,679
1644,GOOGL,BUY,LIMIT,305.96,23,1462,NEW,
1645,NVDA,,,,,,CANCEL,600
1646,AAPL,BUY,MARKET,,16,1463,NEW,
1647,MSFT,,,,,,CANCEL,725
1648,NVDA,BUY,LIMIT,183.08,17,1464,NEW,
1649,GOOGL,BUY,LIMIT,305.9,768,1465,NEW,
1650,AAPL,BUY,MARKET,,56,1466,NEW,
1651,NVDA,,,,,,CANCEL,865
1652,MSFT,BUY,LIMIT,401.65,5,1467,NEW,
1653,AAPL,SELL,MARKET,,867,1468,NEW,
1654,TSLA,BUY,MARKET,,53,1469,NEW,
1655,AAPL,SELL,LIMIT,255.23,71,1470,NEW,
1656,AMZN,SELL,LIMIT,198.64,926,1471,NEW,
1657,MSFT,BUY,LIMIT,401.74,35,1472,NEW,
1658,MSFT,BUY,LIMIT,401.7,4,1473,NEW,
1659,GOOGL,BUY,LIMIT,305.93,98,1474,NEW,
1660,AMZN,,,,,,CANCEL,500
1661,SPY,,,,,,CANCEL,435
1662,AAPL,SELL,LIMIT,255.32,94,1475,NEW,
1663,SPY,BUY,LIMIT,679.65,68,1476,NEW,
1664,MSFT,BUY,LIMIT,401.88,52,1477,NEW,
1665,NVDA,SELL,LIMIT,183.25,81,1478,NEW,
1666,NVDA,BUY,LIMIT,183.19,73,1479,NEW,
1667,TSLA,,,,,,CANCEL,739
1668,GOOGL,SELL,LIMIT,305.95,55,1480,NEW,
1669,SPY,BUY,LIMIT,679.7,46,1481,NEW,
1670,SPY,BUY,LIMIT,679.74,29,1482,NEW,
1671,TSLA,SELL,LIMIT,418.31,50,1483,NEW,
1672,AAPL,,,,,,CANCEL,818
1673,MSFT,SELL,MARKET,,34,1484,NEW,
1674,TSLA,SELL,MARKET,,88,1485,NEW,
1675,SPY,SELL,LIMIT,680.1,5,1486,NEW,
1676,AAPL,SELL,LIMIT,255.39,57,1487,NEW,
1677,AAPL,,,,,,CANCEL,445
1678,SPY,,,679.83,42,,AMEND,488
1679,SPY,,,,,,CANCEL,843
1680,META,,,,,,CANCEL,369
1681,MSFT,BUY,LIMIT,401.85,23,1488,NEW,
1682,SPY,BUY,LIMIT,679.85,54,1489,NEW,
1683,TSLA,BUY,LIMIT,418.2,16,1490,NEW,
1684,NVDA,BUY,LIMIT,183.12,46,1491,NEW,
1685,GOOGL,BUY,MARKET,,9,1492,NEW,
1686,SPY,BUY,LIMIT,679.96,200,1493,NEW,
1687,MSFT,,,401.58,31,,AMEND,1149
1688,AAPL,SELL,LIMIT,255.37,27,1494,NEW,
1689,NVDA,,,,,,CANCEL,1223
1690,META,,,,,,CANCEL,1377
1691,NVDA,BUY,MARKET,,7,1495,NEW,
1692,MSFT,SELL,LIMIT,401.98,93,1496,NEW,
1693,AAPL,,,255.24,67,,AMEND,222
1694,NVDA,,,183.04,965,,AMEND,694
1695,AMZN,,,198.59,242,,AMEND,723
1696,NVDA,,,,,,CANCEL,1107
1697,NVDA,BUY,LIMIT,182.95,6,1497,NEW,
1698,MSFT,SELL,LIMIT,401.83,79,1498,NEW,
1699,SPY,SELL,MARKET,,13,1499,NEW,
1700,AMZN,SELL,LIMIT,198.63,53,1500,NEW,
1701,NVDA,SELL,MARKET,,747,1501,NEW,
1702,TSLA,SELL,MARKET,,94,1502,NEW,
1703,MSFT,BUY,LIMIT,401.69,92,1503,NEW,
1704,AAPL,BUY,LIMIT,255.21,4,1504,NEW,
1705,TSLA,SELL,MARKET,,5,1505,NEW,
1706,GOOGL,BUY,LIMIT,305.72,58,1506,NEW,
1707,NVDA,SELL,LIMIT,182.97,89,1507,NEW,
1708,AMZN,BUY,MARKET,,74,1508,NEW,
1709,NVDA,SELL,LIMIT,182.84,23,1509,NEW,
1710,NVDA,SELL,LIMIT,182.77,60,1510,NEW,
1711,AAPL,,,,,,CANCEL,39
1712,TSLA,BUY,LIMIT,418.29,19,1511,NEW,
1713,AAPL,BUY,MARKET,,56,1512,NEW,
1714,NVDA,SELL,LIMIT,182.8,867,1513,NEW,
1715,AAPL,,,255.23,126,,AMEND,1243
1716,MSFT,SELL,LIMIT,401.91,75,1514,NEW,
1717,NVDA,,,183.3,112,,AMEND,1041
1718,NVDA,BUY,LIMIT,182.68,19,1515,NEW,
1719,AAPL,,,,,,CANCEL,1296
1720,MSFT,,,402.58,168,,AMEND,821
1721,MSFT,BUY,LIMIT,401.88,30,1516,NEW,
1722,AAPL,SELL,LIMIT,255.22,63,1517,NEW,
1723,SPY,,,,,,CANCEL,39777
1724,AMZN,BUY,LIMIT,198.44,80,1518,NEW,
1725,MSFT,BUY,LIMIT,401.86,7,1519,NEW,
1726,AAPL,BUY,MARKET,,91,1520,NEW,
1727,MSFT,SELL,LIMIT,401.92,40,1521,NEW,
1728,MSFT,,,401.86,3,,AMEND,779
1729,MSFT,BUY,LIMIT,401.92,56,1522,NEW,
1730,SPY,,,680.13,117,,AMEND,1289
1731,META,,,,,,CANCEL,552
1732,MSFT,BUY,LIMIT,401.81,41,1523,NEW,
1733,AMZN,,,198.56,224,,AMEND,880
1734,SPY,BUY,LIMIT,679.88,84,1524,NEW,
1735,AAPL,,,,,,CANCEL,237
1736,MSFT,,,,,,CANCEL,847
1737,MSFT,,,,,,CANCEL,1171
1738,MSFT,SELL,LIMIT,402.08,14,1525,NEW,
1739,META,BUY,MARKET,,32,1526,NEW,
1740,TSLA,BUY,MARKET,,25,1527,NEW,
1741,AMZN,SELL,LIMIT,198.57,78,1528,NEW,
1742,SPY,,,,,,CANCEL,44
1743,SPY,SELL,MARKET,,45,1529,NEW,
1744,AAPL,BUY,LIMIT,255.25,3,1530,NEW,
1745,TSLA,BUY,LIMIT,418.64,16,1531,NEW,
1746,AMZN,,,198.48,1,,AMEND,862
1747,META,,,,,,CANCEL,165
1748,MSFT,SELL,LIMIT,402.07,58,1532,NEW,
1749,AAPL,BUY,LIMIT,255.23,366,1533,NEW,
1750,MSFT,SELL,MARKET,,86,1534,NEW,
1751,META,SELL,LIMIT,643.78,29,1535,NEW,
1752,AMZN,SELL,LIMIT,198.55,73,1536,NEW,
1753,SPY,SELL,MARKET,,918,1537,NEW,
1754,AMZN,,,,,,CANCEL,1536
1755,AMZN,SELL,LIMIT,198.51,22,1538,NEW,
1756,NVDA,SELL,LIMIT,182.8,598,1539,NEW,
1757,TSLA,BUY,LIMIT,418.61,6,1540,NEW,
1758,GOOGL,SELL,LIMIT,305.89,7,1541,NEW,
1759,GOOGL,BUY,LIMIT,305.74,60,1542,NEW,
1760,TSLA,SELL,LIMIT,418.72,46,1543,NEW,
1761,NVDA,SELL,LIMIT,182.89,95,1544,NEW,
1762,NVDA,,,,,,CANCEL,1127
1763,NVDA,,,,,,CANCEL,1092
1764,AAPL,BUY,LIMIT,255.31,44,1545,NEW,
1765,AAPL,SELL,LIMIT,255.44,91,1546,NEW,
1766,SPY,BUY,MARKET,,93,1547,NEW,
1767,GOOGL,BUY,LIMIT,305.78,38,1548,NEW,
1768,SPY,BUY,LIMIT,679.79,59,1549,NEW,
1769,AMZN,SELL,LIMIT,198.57,12,1550,NEW,
1770,TSLA,SELL,LIMIT,418.66,49,1551,NEW,
1771,NVDA,BUY,LIMIT,182.9,47,1552,NEW,
1772,META,SELL,MARKET,,625,1553,NEW,
1773,AAPL,SELL,LIMIT,255.47,72,1554,NEW,
1774,META,SELL,LIMIT,643.37,80,1555,NEW,
1775,AAPL,BUY,LIMIT,255.35,68,1556,NEW,
1776,NVDA,BUY,MARKET,,47,1557,NEW,
1777,AMZN,SELL,LIMIT,198.54,49,1558,NEW,
1778,GOOGL,BUY,MARKET,,51,1559,NEW,
1779,TSLA,BUY,MARKET,,77,1560,NEW,
1780,AMZN,,,198.58,51,,AMEND,840
1781,AAPL,,,,,,CANCEL,1238
1782,GOOGL,BUY,LIMIT,305.89,7,1561,NEW,
1783,GOOGL,BUY,LIMIT,305.81,44,1562,NEW,
1784,AMZN,SELL,LIMIT,198.65,82,1563,NEW,
1785,TSLA,,,,,,CANCEL,1551
1786,TSLA,SELL,LIMIT,418.59,51,1564,NEW,
1787,AAPL,SELL,LIMIT,255.54,998,1565,NEW,
1788,AMZN,SELL,LIMIT,198.6,64,1566,NEW,
1789,META,,,,,,CANCEL,547
1790,SPY,SELL,LIMIT,680.13,12,1567,NEW,
1791,NVDA,BUY,LIMIT,182.88,23,1568,NEW,
1792,META,,,643.37,35,,AMEND,1555
1793,SPY,,,,,,CANCEL,41081
1794,NVDA,SELL,LIMIT,182.99,367,1569,NEW,
1795,MSFT,BUY,LIMIT,401.63,32,1570,NEW,
1796,GOOGL,SELL,LIMIT,305.99,67,1571,NEW,
1797,SPY,BUY,LIMIT,679.76,15,1572,NEW,
1798,NVDA,,,,,,CANCEL,530
1799,AAPL,,,255.51,47,,AMEND,1257
1800,NVDA,SELL,LIMIT,182.91,51,1573,NEW,
1801,SPY,SELL,LIMIT,679.95,7,1574,NEW,
1802,META,SELL,LIMIT,643.21,13,1575,NEW,
1803,TSLA,SELL,LIMIT,418.57,76,1576,NEW,
1804,NVDA,BUY,LIMIT,182.84,9,1577,NEW,
1805,AAPL,BUY,LIMIT,255.52,56,1578,NEW,
1806,MSFT,SELL,LIMIT,401.72,19,1579,NEW,
1807,TSLA,BUY,MARKET,,525,1580,NEW,
1808,META,BUY,LIMIT,642.82,79,1581,NEW,
1809,AAPL,SELL,MARKET,,6,1582,NEW,
1810,NVDA,BUY,LIMIT,182.73,37,1583,NEW,
1811,AAPL,SELL,LIMIT,255.56,65,1584,NEW,
1812,GOOGL,SELL,LIMIT,306.04,71,1585,NEW,
1813,AAPL,BUY,MARKET,,94,1586,NEW,
1814,AAPL,SELL,MARKET,,15,1587,NEW,
1815,NVDA,SELL,LIMIT,182.89,95,1588,NEW,
1816,META,SELL,MARKET,,78,1589,NEW,
1817,MSFT,BUY,LIMIT,401.58,54,1590,NEW,
1818,TSLA,BUY,LIMIT,418.51,76,1591,NEW,
1819,MSFT,BUY,LIMIT,401.5,14,1592,NEW,
1820,AMZN,BUY,LIMIT,198.57,31,1593,NEW,
1821,TSLA,SELL,LIMIT,419.06,80,1594,NEW,
1822,NVDA,,,,,,CANCEL,301
1823,TSLA,SELL,LIMIT,418.89,4,1595,NEW,
1824,AAPL,BUY,LIMIT,255.64,77,1596,NEW,
1825,AMZN,,,198.7,1,,AMEND,137
1826,META,,,640.94,53,,AMEND,917
1827,AAPL,BUY,LIMIT,255.64,89,1597,NEW,
1828,TSLA,,,,,,CANCEL,1130
1829,AAPL,BUY,LIMIT,255.72,69,1598,NEW,
1830,NVDA,,,182.76,5,,AMEND,21764
1831,NVDA,SELL,LIMIT,182.75,840,1599,NEW,
1832,META,BUY,LIMIT,642.8,18,1600,NEW,
1833,SPY,,,,,,CANCEL,1386
1834,MSFT,,,401.7,1,,AMEND,901
1835,SPY,SELL,MARKET,,98,1601,NEW,
1836,SPY,,,,,,CANCEL,454
1837,TSLA,SELL,LIMIT,419.23,62,1602,NEW,
1838,GOOGL,BUY,MARKET,,48,1603,NEW,
1839,SPY,,,,,,CANCEL,1446
1840,AAPL,BUY,MARKET,,666,1604,NEW,
1841,AMZN,,,,,,CANCEL,161
1842,GOOGL,,,,,,CANCEL,1394
1843,META,BUY,LIMIT,642.99,31,1605,NEW,
1844,AMZN,,,198.94,44,,AMEND,1282
1845,AAPL,BUY,MARKET,,917,1606,NEW,
1846,GOOGL,SELL,LIMIT,305.99,95,1607,NEW,
1847,SPY,BUY,LIMIT,679.96,75,1608,NEW,
1848,NVDA,,,183.05,157,,AMEND,968
1849,TSLA,,,,,,CANCEL,607
1850,AMZN,BUY,LIMIT,198.66,13,1609,NEW,
1851,GOOGL,SELL,LIMIT,306.07,92,1610,NEW,
1852,AMZN,BUY,LIMIT,198.59,93,1611,NEW,
1853,META,BUY,LIMIT,643.14,97,1612,NEW,
1854,AAPL,,,,,,CANCEL,175
1855,NVDA,,,,,,CANCEL,112
1856,AMZN,BUY,MARKET,,68,1613,NEW,
1857,AAPL,,,254.98,40,,AMEND,1037
1858,SPY,BUY,LIMIT,680.05,81,1614,NEW,
1859,GOOGL,,,,,,CANCEL,1277
1860,MSFT,,,,,,CANCEL,1210
1861,NVDA,,,,,,CANCEL,551
1862,AMZN,,,,,,CANCEL,653
1863,META,SELL,LIMIT,643.51,32,1615,NEW,
1864,META,BUY,LIMIT,643.51,25,1616,NEW,
1865,AAPL,,,,,,CANCEL,738
1866,GOOGL,BUY,MARKET,,70,1617,NEW,
1867,TSLA,BUY,MARKET,,43,1618,NEW,
1868,NVDA,,,,,,CANCEL,1478
1869,NVDA,SELL,MARKET,,100,1619,NEW,
1870,GOOGL,,,305.87,93,,AMEND,1423
1871,MSFT,SELL,MARKET,,79,1620,NEW,
1872,GOOGL,BUY,LIMIT,305.92,20,1621,NEW,
1873,GOOGL,BUY,LIMIT,305.8,91,1622,NEW,
1874,META,,,,,,CANCEL,299
1875,NVDA,BUY,MARKET,,9,1623,NEW,
1876,MSFT,BUY,LIMIT,401.49,45,1624,NEW,
1877,NVDA,BUY,MARKET,,36,1625,NEW,
1878,NVDA,SELL,LIMIT,182.76,96,1626,NEW,
1879,SPY,SELL,MARKET,,11,1627,NEW,
1880,NVDA,BUY,LIMIT,182.65,43,1628,NEW,
1881,AAPL,SELL,MARKET,,96,1629,NEW,
1882,AAPL,,,,,,CANCEL,334
1883,AAPL,SELL,MARKET,,2,1630,NEW,
1884,TSLA,BUY,LIMIT,419.03,43,1631,NEW,
1885,NVDA,,,182.76,1,,AMEND,1009
1886,NVDA,SELL,LIMIT,182.85,9,1632,NEW,
1887,SPY,SELL,LIMIT,680.21,14,1633,NEW,
1888,MSFT,SELL,LIMIT,401.72,44,1634,NEW,
1889,MSFT,,,,,,CANCEL,1032
1890,NVDA,,,182.65,596,,AMEND,339
1891,SPY,,,,,,CANCEL,1524
1892,TSLA,BUY,LIMIT,419.05,689,1635,NEW,
1893,TSLA,SELL,LIMIT,419.38,486,1636,NEW,
1894,GOOGL,SELL,LIMIT,305.87,74,1637,NEW,
1895,AAPL,SELL,MARKET,,55,1638,NEW,
1896,META,SELL,LIMIT,643.76,32,1639,NEW,
1897,AMZN,BUY,LIMIT,198.69,50,1640,NEW,
1898,AMZN,,,198.85,1,,AMEND,956
1899,AAPL,,,,,,CANCEL,228
1900,GOOGL,,,,,,CANCEL,91
1901,NVDA,,,182.7,1,,AMEND,571
1902,MSFT,,,401.72,5,,AMEND,429
1903,MSFT,,,401.86,1,,AMEND,1519
1904,TSLA,BUY,MARKET,,5,1641,NEW,
1905,TSLA,SELL,LIMIT,419.41,25,1642,NEW,
1906,GOOGL,,,,,,CANCEL,637
1907,META,SELL,MARKET,,389,1643,NEW,
1908,TSLA,SELL,MARKET,,43,1644,NEW,
1909,MSFT,BUY,MARKET,,45,1645,NEW,
1910,AAPL,SELL,LIMIT,255.9,57,1646,NEW,
1911,TSLA,,,,,,CANCEL,1332
1912,META,SELL,LIMIT,643.74,26,1647,NEW,
1913,TSLA,SELL,LIMIT,419.58,56,1648,NEW,
1914,GOOGL,SELL,LIMIT,305.95,85,1649,NEW,
1915,MSFT,BUY,LIMIT,401.59,32,1650,NEW,
1916,AAPL,SELL,LIMIT,255.93,67,1651,NEW,
1917,AAPL,BUY,MARKET,,75,1652,NEW,
1918,AMZN,SELL,LIMIT,198.87,674,1653,NEW,
1919,MSFT,,,,,,CANCEL,21
1920,NVDA,BUY,LIMIT,182.83,10,1654,NEW,
1921,TSLA,,,,,,CANCEL,980
1922,META,BUY,LIMIT,643.31,87,1655,NEW,
1923,SPY,SELL,LIMIT,680.21,98,1656,NEW,
1924,AAPL,BUY,LIMIT,255.8,20,1657,NEW,
1925,SPY,BUY,LIMIT,679.95,79,1658,NEW,
1926,GOOGL,SELL,MARKET,,33,1659,NEW,
1927,GOOGL,SELL,MARKET,,42,1660,NEW,
1928,SPY,,,,,,CANCEL,1358
1929,MSFT,BUY,LIMIT,401.65,81,1661,NEW,
1930,AAPL,BUY,MARKET,,80,1662,NEW,
1931,NVDA,,,,,,CANCEL,667
1932,AAPL,SELL,LIMIT,255.95,7,1663,NEW,
1933,NVDA,SELL,LIMIT,182.87,40,1664,NEW,
1934,GOOGL,,,305.5,132,,AMEND,1098
1935,META,BUY,MARKET,,98,1665,NEW,
1936,GOOGL,BUY,LIMIT,305.89,48,1666,NEW,
1937,MSFT,BUY,MARKET,,94,1667,NEW,
1938,GOOGL,BUY,LIMIT,305.88,22,1668,NEW,
1939,META,,,,,,CANCEL,1616
1940,TSLA,,,,,,CANCEL,118
1941,AAPL,BUY,LIMIT,255.91,77,1669,NEW,
1942,META,BUY,LIMIT,643.55,996,1670,NEW,
1943,SPY,BUY,MARKET,,16,1671,NEW,
1944,MSFT,BUY,LIMIT,401.62,29,1672,NEW,
1945,META,,,,,,CANCEL,960
1946,AAPL,BUY,LIMIT,255.85,69,1673,NEW,
1947,AAPL,,,255.79,50,,AMEND,1186
1948,MSFT,BUY,LIMIT,401.68,73,1674,NEW,
1949,MSFT,SELL,MARKET,,77,1675,NEW,
1950,TSLA,SELL,LIMIT,419.49,38,1676,NEW,
1951,NVDA,SELL,LIMIT,182.78,75,1677,NEW,
1952,AMZN,SELL,LIMIT,198.88,17,1678,NEW,
1953,MSFT,,,,,,CANCEL,854
1954,NVDA,BUY,MARKET,,50,1679,NEW,
1955,AAPL,SELL,LIMIT,255.9,57,1680,NEW,
1956,GOOGL,BUY,LIMIT,305.92,43,1681,NEW,
1957,TSLA,,,,,,CANCEL,167
1958,META,,,640.39,154,,AMEND,32
1959,SPY,,,679.69,133,,AMEND,622
1960,NVDA,,,,,,CANCEL,94
1961,MSFT,SELL,MARKET,,97,1682,NEW,
1962,META,SELL,LIMIT,644.02,99,1683,NEW,
1963,MSFT,SELL,MARKET,,40,1684,NEW,
1964,AMZN,SELL,LIMIT,198.81,43,1685,NEW,
1965,NVDA,,,182.6,1,,AMEND,230
1966,MSFT,BUY,LIMIT,401.86,72,1686,NEW,
1967,AMZN,,,,,,CANCEL,51
1968,TSLA,SELL,LIMIT,419.4,68,1687,NEW,
1969,TSLA,SELL,LIMIT,419.14,85,1688,NEW,
1970,NVDA,BUY,LIMIT,182.63,58,1689,NEW,
1971,GOOGL,BUY,LIMIT,305.81,22,1690,NEW,
1972,GOOGL,BUY,LIMIT,305.9,45,1691,NEW,
1973,AMZN,SELL,LIMIT,198.73,56,1692,NEW,
1974,AMZN,SELL,MARKET,,74,1693,NEW,
1975,MSFT,SELL,LIMIT,402.06,92,1694,NEW,
1976,TSLA,,,,,,CANCEL,1264
1977,GOOGL,,,,,,CANCEL,1103
1978,AMZN,SELL,LIMIT,198.8,331,1695,NEW,
1979,AAPL,BUY,LIMIT,255.81,11,1696,NEW,
1980,GOOGL,BUY,LIMIT,305.96,26,1697,NEW,
1981,SPY,SELL,LIMIT,679.85,44,1698,NEW,
1982,AMZN,BUY,LIMIT,198.74,87,1699,NEW,
1983,NVDA,,,,,,CANCEL,251
1984,GOOGL,SELL,MARKET,,44,1700,NEW,
1985,TSLA,,,419.2,269,,AMEND,105
1986,MSFT,,,,,,CANCEL,518
1987,AAPL,,,255.91,299,,AMEND,962
1988,SPY,,,,,,CANCEL,550
1989,AMZN,SELL,MARKET,,89,1701,NEW,
1990,META,,,640.86,23,,AMEND,772
1991,AAPL,BUY,LIMIT,255.86,62,1702,NEW,
1992,TSLA,,,,,,CANCEL,1676
1993,META,SELL,LIMIT,644,23,1703,NEW,
1994,GOOGL,SELL,MARKET,,40,1704,NEW,
1995,GOOGL,BUY,LIMIT,306,66,1705,NEW,
1996,MSFT,SELL,MARKET,,8,1706,NEW,
1997,AAPL,BUY,MARKET,,477,1707,NEW,
1998,TSLA,,,,,,CANCEL,1688
1999,AAPL,BUY,LIMIT,255.79,26,1708,NEW,
2000,SPY,BUY,LIMIT,679.69,32,1709,NEW,
2001,AAPL,BUY,LIMIT,255.72,16,1710,NEW,
2002,TSLA,SELL,LIMIT,419.05,70,1711,NEW,
2003,MSFT,BUY,LIMIT,401.95,66,1712,NEW,
2004,GOOGL,BUY,LIMIT,306.08,382,1713,NEW,
2005,GOOGL,,,306.14,102,,AMEND,1666
2006,AMZN,SELL,LIMIT,198.82,16,1714,NEW,
2007,TSLA,,,,,,CANCEL,918
2008,AMZN,BUY,MARKET,,43,1715,NEW,
2009,SPY,SELL,LIMIT,679.94,42,1716,NEW,
2010,TSLA,SELL,LIMIT,419.09,21,1717,NEW,
2011,NVDA,,,,,,CANCEL,1156
2012,TSLA,BUY,MARKET,,74,1718,NEW,
2013,AAPL,SELL,LIMIT,255.95,72,1719,NEW,
2014,AAPL,,,,,,CANCEL,410
2015,AAPL,BUY,LIMIT,255.67,13,1720,NEW,
2016,AMZN,SELL,MARKET,,69,1721,NEW,
2017,GOOGL,SELL,LIMIT,306.19,13,1722,NEW,
2018,NVDA,BUY,LIMIT,182.62,43,1723,NEW,
2019,AAPL,,,255.69,1,,AMEND,1438
2020,TSLA,BUY,LIMIT,419.22,94,1724,NEW,
2021,MSFT,BUY,LIMIT,401.99,30,1725,NEW,
2022,META,SELL,LIMIT,644.29,27,1726,NEW,
2023,META,BUY,LIMIT,643.79,5,1727,NEW,
2024,GOOGL,,,,,,CANCEL,425
2025,META,SELL,LIMIT,643.93,94,1728,NEW,
2026,META,BUY,MARKET,,52,1729,NEW,
2027,META,SELL,LIMIT,643.96,81,1730,NEW,
2028,AAPL,,,,,,CANCEL,53
2029,GOOGL,BUY,MARKET,,92,1731,NEW,
2030,AAPL,BUY,LIMIT,255.71,36,1732,NEW,
2031,MSFT,,,401.94,9,,AMEND,656
2032,AAPL,BUY,LIMIT,255.68,96,1733,NEW,
2033,MSFT,,,402.08,78,,AMEND,1393
2034,MSFT,BUY,LIMIT,402.16,53,1734,NEW,
2035,AAPL,,,,,,CANCEL,509
2036,AAPL,SELL,MARKET,,10,1735,NEW,
2037,NVDA,BUY,LIMIT,182.48,85,1736,NEW,
2038,NVDA,BUY,MARKET,,97,1737,NEW,
2039,AAPL,BUY,LIMIT,255.66,87,1738,NEW,
2040,AAPL,SELL,LIMIT,255.71,95,1739,NEW,
2041,NVDA,SELL,MARKET,,590,1740,NEW,
2042,GOOGL,,,,,,CANCEL,141
2043,AAPL,,,255.04,843,,AMEND,1000
2044,TSLA,BUY,LIMIT,419.53,40,1741,NEW,
2045,AAPL,,,,,,CANCEL,778
2046,GOOGL,SELL,LIMIT,306.12,23,1742,NEW,
2047,MSFT,SELL,MARKET,,80,1743,NEW,
2048,NVDA,BUY,MARKET,,18,1744,NEW,
2049,META,BUY,LIMIT,643.93,54,1745,NEW,
2050,MSFT,BUY,LIMIT,402.16,962,1746,NEW,
2051,GOOGL,,,,,,CANCEL,319
2052,SPY,,,679.61,236,,AMEND,1426
2053,NVDA,,,182.53,46,,AMEND,382
2054,GOOGL,BUY,LIMIT,305.85,36,1747,NEW,
2055,SPY,,,679.85,286,,AMEND,1432
2056,NVDA,BUY,LIMIT,182.41,91,1748,NEW,
2057,AAPL,,,,,,CANCEL,1287
2058,TSLA,SELL,LIMIT,419.75,29,1749,NEW,
2059,TSLA,,,419.68,831,,AMEND,283
2060,TSLA,SELL,LIMIT,420.06,87,1750,NEW,
2061,MSFT,,,,,,CANCEL,1503
2062,AMZN,,,,,,CANCEL,741
2063,AAPL,BUY,LIMIT,255.44,61,1751,NEW,
2064,AAPL,BUY,LIMIT,255.5,43,1752,NEW,
2065,AMZN,BUY,MARKET,,94,1753,NEW,
2066,AAPL,SELL,LIMIT,255.61,66,1754,NEW,
2067,AAPL,,,255.72,182,,AMEND,1132
2068,META,,,,,,CANCEL,296
2069,GOOGL,BUY,LIMIT,305.85,19,1755,NEW,
2070,NVDA,,,182.28,591,,AMEND,487
2071,AAPL,,,,,,CANCEL,596
2072,SPY,SELL,MARKET,,11,1756,NEW,
2073,TSLA,SELL,LIMIT,420.09,14,1757,NEW,
2074,AAPL,,,255.8,1,,AMEND,1657
2075,META,SELL,MARKET,,31,1758,NEW,
2076,SPY,,,679.68,42,,AMEND,593
2077,AAPL,SELL,MARKET,,53,1759,NEW,
2078,META,BUY,MARKET,,4,1760,NEW,
2079,AAPL,,,,,,CANCEL,748
2080,TSLA,SELL,LIMIT,420.1,100,1761,NEW,
2081,SPY,,,679.43,115,,AMEND,622
2082,SPY,BUY,LIMIT,679.47,66,1762,NEW,
2083,AAPL,SELL,LIMIT,255.82,435,1763,NEW,
2084,TSLA,BUY,MARKET,,35,1764,NEW,
2085,AAPL,SELL,MARKET,,30,1765,NEW,
2086,AMZN,,,,,,CANCEL,400
2087,SPY,SELL,LIMIT,679.57,659,1766,NEW,
2088,SPY,BUY,LIMIT,679.38,4,1767,NEW,
2089,AAPL,,,,,,CANCEL,344
2090,GOOGL,,,305.85,36,,AMEND,1109
2091,AAPL,SELL,LIMIT,255.82,76,1768,NEW,
2092,MSFT,,,,,,CANCEL,429
2093,AAPL,BUY,LIMIT,255.72,17,1769,NEW,
2094,AAPL,,,,,,CANCEL,1769
2095,META,,,,,,CANCEL,156
2096,SPY,BUY,LIMIT,679.36,13,1770,NEW,
2097,SPY,,,,,,CANCEL,1191
2098,MSFT,BUY,LIMIT,402.05,380,1771,NEW,
2099,AAPL,BUY,MARKET,,64,1772,NEW,
2100,AAPL,BUY,LIMIT,255.78,81,1773,NEW,
2101,AAPL,SELL,LIMIT,255.92,69,1774,NEW,
2102,AMZN,BUY,MARKET,,42,1775,NEW,
2103,MSFT,BUY,LIMIT,402.04,950,1776,NEW,
2104,AMZN,SELL,LIMIT,198.66,23,1777,NEW,
2105,META,SELL,MARKET,,654,1778,NEW,
2106,NVDA,,,182.99,466,,AMEND,1569
2107,NVDA,BUY,MARKET,,91,1779,NEW,
2108,NVDA,,,,,,CANCEL,1269
2109,AMZN,SELL,MARKET,,90,1780,NEW,
2110,MSFT,,,402.11,145,,AMEND,492
2111,GOOGL,SELL,LIMIT,306.05,62,1781,NEW,
2112,SPY,SELL,MARKET,,38,1782,NEW,
2113,MSFT,,,402.16,1,,AMEND,280
2114,MSFT,BUY,MARKET,,86,1783,NEW,
2115,GOOGL,,,,,,CANCEL,860
2116,AMZN,BUY,LIMIT,198.62,41,1784,NEW,
2117,SPY,,,,,,CANCEL,455
2118,NVDA,SELL,LIMIT,182.28,68,1785,NEW,
2119,AAPL,BUY,LIMIT,255.83,73,1786,NEW,
2120,NVDA,SELL,LIMIT,182.27,49,1787,NEW,
2121,SPY,BUY,LIMIT,679.25,32,1788,NEW,
2122,META,SELL,LIMIT,645.02,45,1789,NEW,
2123,AAPL,,,,,,CANCEL,1083
2124,NVDA,BUY,LIMIT,182.28,3,1790,NEW,
2125,AAPL,SELL,LIMIT,255.95,288,1791,NEW,
2126,TSLA,,,,,,CANCEL,849
2127,TSLA,SELL,LIMIT,419.9,99,1792,NEW,
2128,GOOGL,SELL,LIMIT,306.03,797,1793,NEW,
2129,AAPL,SELL,LIMIT,255.92,41,1794,NEW,
2130,NVDA,BUY,LIMIT,182.41,21,1795,NEW,
2131,AAPL,SELL,LIMIT,255.88,84,1796,NEW,
2132,AAPL,SELL,LIMIT,255.83,3,1797,NEW,
2133,SPY,,,680.96,1,,AMEND,620
2134,AAPL,SELL,LIMIT,255.87,14,1798,NEW,
2135,TSLA,,,419.71,76,,AMEND,51459
2136,META,BUY,MARKET,,39,1799,NEW,
2137,NVDA,SELL,MARKET,,93,1800,NEW,
2138,MSFT,BUY,LIMIT,402.26,460,1801,NEW,
2139,GOOGL,BUY,MARKET,,911,1802,NEW,
2140,AMZN,SELL,LIMIT,198.7,16,1803,NEW,
2141,SPY,SELL,LIMIT,679.56,777,1804,NEW,
2142,AMZN,BUY,LIMIT,198.67,40,1805,NEW,
2143,NVDA,SELL,LIMIT,182.35,532,1806,NEW,
2144,TSLA,SELL,LIMIT,420.12,89,1807,NEW,
2145,GOOGL,,,,,,CANCEL,504
2146,NVDA,,,,,,CANCEL,853
2147,META,,,,,,CANCEL,1600
2148,MSFT,,,,,,CANCEL,815
2149,NVDA,,,182.42,34,,AMEND,583
2150,AAPL,BUY,LIMIT,255.8,88,1808,NEW,
2151,SPY,,,681.19,68,,AMEND,587
2152,META,BUY,LIMIT,644.43,82,1809,NEW,
2153,MSFT,SELL,LIMIT,402.35,56,1810,NEW,
2154,MSFT,SELL,MARKET,,32,1811,NEW,
2155,META,BUY,LIMIT,644.46,96,1812,NEW,
2156,MSFT,SELL,MARKET,,48,1813,NEW,
2157,AAPL,SELL,LIMIT,255.84,20,1814,NEW,
2158,GOOGL,BUY,MARKET,,13,1815,NEW,
2159,MSFT,BUY,LIMIT,402.23,87,1816,NEW,
2160,AAPL,,,,,,CANCEL,63
2161,GOOGL,BUY,MARKET,,86,1817,NEW,
2162,GOOGL,SELL,LIMIT,306.13,21,1818,NEW,
2163,AAPL,,,255.23,113,,AMEND,1243
2164,AMZN,,,,,,CANCEL,840
2165,MSFT,BUY,LIMIT,402.22,56,1819,NEW,
2166,AAPL,BUY,MARKET,,95,1820,NEW,
2167,AAPL,SELL,MARKET,,99,1821,NEW,
2168,AAPL,SELL,LIMIT,255.72,27,1822,NEW,
2169,NVDA,BUY,MARKET,,87,1823,NEW,
2170,AMZN,,,198.75,1,,AMEND,183
2171,NVDA,SELL,LIMIT,182.29,23,1824,NEW,
2172,SPY,SELL,LIMIT,679.64,61,1825,NEW,
2173,META,BUY,LIMIT,644.3,38,1826,NEW,
2174,MSFT,,,402.16,25,,AMEND,743
2175,MSFT,SELL,LIMIT,402.34,66,1827,NEW,
2176,MSFT,,,402.17,1,,AMEND,322
2177,META,BUY,LIMIT,644.1,4,1828,NEW,
2178,SPY,,,,,,CANCEL,668
2179,AAPL,SELL,LIMIT,255.72,24,1829,NEW,
2180,AAPL,SELL,LIMIT,255.6,88,1830,NEW,
2181,SPY,SELL,MARKET,,87,1831,NEW,
2182,META,,,,,,CANCEL,925
2183,TSLA,SELL,LIMIT,419.98,21,1832,NEW,
2184,NVDA,,,,,,CANCEL,407
2185,META,SELL,LIMIT,643.99,53,1833,NEW,
2186,NVDA,SELL,LIMIT,182.36,55,1834,NEW,
2187,NVDA,BUY,LIMIT,182.2,63,1835,NEW,
2188,MSFT,SELL,LIMIT,402.35,678,1836,NEW,
2189,AAPL,BUY,LIMIT,255.49,71,1837,NEW,
2190,AAPL,BUY,LIMIT,255.47,64,1838,NEW,
2191,GOOGL,BUY,LIMIT,305.93,19,1839,NEW,
2192,TSLA,BUY,LIMIT,419.83,17,1840,NEW,
2193,TSLA,SELL,MARKET,,59,1841,NEW,
2194,NVDA,,,,,,CANCEL,931
2195,AMZN,SELL,LIMIT,198.69,35,1842,NEW,
2196,AAPL,,,255.57,19,,AMEND,1077
2197,GOOGL,SELL,LIMIT,306.07,3,1843,NEW,
2198,MSFT,BUY,LIMIT,402.21,10,1844,NEW,
2199,AMZN,BUY,MARKET,,34,1845,NEW,
2200,AMZN,,,,,,CANCEL,247
2201,SPY,SELL,LIMIT,679.71,46,1846,NEW,
2202,SPY,,,,,,CANCEL,1248
2203,TSLA,,,,,,CANCEL,1511
2204,TSLA,BUY,LIMIT,419.89,90,1847,NEW,
2205,NVDA,SELL,LIMIT,182.24,93,1848,NEW,
2206,MSFT,SELL,LIMIT,402.38,699,1849,NEW,
2207,AMZN,SELL,LIMIT,198.62,49,1850,NEW,
2208,NVDA,SELL,LIMIT,182.27,81,1851,NEW,
2209,AAPL,SELL,LIMIT,255.66,100,1852,NEW,
2210,MSFT,SELL,MARKET,,991,1853,NEW,
2211,SPY,BUY,LIMIT,679.57,57,1854,NEW,
2212,AAPL,,,,,,CANCEL,516
2213,AMZN,SELL,LIMIT,198.67,19,1855,NEW,
2214,AAPL,BUY,LIMIT,255.58,26,1856,NEW,
2215,AMZN,BUY,LIMIT,198.54,94,1857,NEW,
2216,META,BUY,LIMIT,643.51,46,1858,NEW,
2217,META,SELL,LIMIT,643.8,683,1859,NEW,
2218,AMZN,SELL,LIMIT,198.7,68,1860,NEW,
2219,NVDA,,,182.33,1,,AMEND,1365
2220,AMZN,,,199.04,44,,AMEND,1241
2221,GOOGL,BUY,LIMIT,305.94,22,1861,NEW,
2222,META,,,,,,CANCEL,869
2223,MSFT,BUY,LIMIT,402.32,475,1862,NEW,
2224,TSLA,,,,,,CANCEL,427
2225,NVDA,BUY,LIMIT,182.25,68,1863,NEW,
2226,SPY,SELL,LIMIT,679.76,25,1864,NEW,
2227,AAPL,SELL,LIMIT,255.66,23,1865,NEW,
2228,MSFT,SELL,LIMIT,402.52,37,1866,NEW,
2229,AAPL,,,255.61,177,,AMEND,1132
2230,SPY,SELL,LIMIT,679.98,24,1867,NEW,
2231,AAPL,,,255.71,1,,AMEND,1732
2232,TSLA,SELL,MARKET,,55,1868,NEW,
2233,SPY,SELL,LIMIT,679.87,81,1869,NEW,
2234,SPY,SELL,MARKET,,91,1870,NEW,
2235,META,BUY,LIMIT,643.42,81,1871,NEW,
2236,SPY,BUY,LIMIT,679.68,68,1872,NEW,
2237,META,,,643.3,23,,AMEND,1356
2238,SPY,SELL,LIMIT,679.81,80,1873,NEW,
2239,AAPL,BUY,MARKET,,92,1874,NEW,
2240,META,BUY,LIMIT,643.25,53,1875,NEW,
2241,TSLA,,,419.34,1,,AMEND,113
2242,MSFT,SELL,LIMIT,402.4,6,1876,NEW,
2243,META,SELL,LIMIT,643.29,56,1877,NEW,
2244,SPY,BUY,LIMIT,679.5,74,1878,NEW,
2245,NVDA,SELL,LIMIT,182.38,87,1879,NEW,
2246,META,,,,,,CANCEL,987
2247,NVDA,,,182.31,209,,AMEND,361
2248,META,SELL,LIMIT,643.2,30,1880,NEW,
2249,MSFT,,,,,,CANCEL,733
2250,MSFT,BUY,MARKET,,67,1881,NEW,
2251,GOOGL,BUY,LIMIT,306.05,37,1882,NEW,
2252,AAPL,,,,,,CANCEL,1376
2253,TSLA,,,417.86,168,,AMEND,572
2254,NVDA,BUY,LIMIT,182.29,59,1883,NEW,
2255,TSLA,BUY,MARKET,,79,1884,NEW,
2256,AMZN,BUY,LIMIT,198.62,94,1885,NEW,
2257,SPY,BUY,LIMIT,679.66,30,1886,NEW,
2258,NVDA,BUY,LIMIT,182.26,830,1887,NEW,
2259,MSFT,BUY,LIMIT,402.03,91,1888,NEW,
2260,NVDA,SELL,LIMIT,182.31,48,1889,NEW,
2261,MSFT,SELL,MARKET,,53,1890,NEW,
2262,MSFT,,,,,,CANCEL,1579
2263,AMZN,BUY,LIMIT,198.64,88,1891,NEW,
2264,MSFT,BUY,MARKET,,15,1892,NEW,
2265,AAPL,,,,,,CANCEL,119
2266,MSFT,SELL,LIMIT,402.05,3,1893,NEW,
2267,AAPL,,,255.58,1,,AMEND,154
2268,META,BUY,LIMIT,642.82,57,1894,NEW,
2269,SPY,,,,,,CANCEL,42654
2270,AAPL,BUY,LIMIT,255.53,362,1895,NEW,
2271,AMZN,SELL,MARKET,,49,1896,NEW,
2272,SPY,SELL,MARKET,,341,1897,NEW,
2273,TSLA,,,419.75,25,,AMEND,1749
2274,AAPL,BUY,LIMIT,255.63,36,1898,NEW,
2275,GOOGL,SELL,MARKET,,50,1899,NEW,
2276,MSFT,BUY,LIMIT,401.9,42,1900,NEW,
2277,MSFT,BUY,LIMIT,401.87,44,1901,NEW,
2278,NVDA,,,,,,CANCEL,1079
2279,GOOGL,SELL,LIMIT,306.05,5,1902,NEW,
2280,MSFT,,,402.06,17,,AMEND,531
2281,AAPL,SELL,LIMIT,255.67,30,1903,NEW,
2282,NVDA,BUY,MARKET,,21,1904,NEW,
2283,TSLA,SELL,LIMIT,420.34,670,1905,NEW,
2284,AMZN,SELL,LIMIT,198.63,57,1906,NEW,
2285,AMZN,SELL,LIMIT,198.67,96,1907,NEW,
2286,GOOGL,,,,,,CANCEL,314
2287,AAPL,SELL,MARKET,,20,1908,NEW,
2288,META,,,,,,CANCEL,838
2289,GOOGL,SELL,LIMIT,306.06,55,1909,NEW,
2290,AAPL,SELL,MARKET,,13,1910,NEW,
2291,TSLA,,,,,,CANCEL,1594
2292,NVDA,SELL,MARKET,,70,1911,NEW,
2293,MSFT,,,,,,CANCEL,1522
2294,META,,,643.07,1,,AMEND,1001
2295,META,,,642.94,126,,AMEND,1430
2296,NVDA,,,,,,CANCEL,610
2297,AAPL,BUY,LIMIT,255.57,49,1912,NEW,
2298,MSFT,BUY,LIMIT,401.95,73,1913,NEW,
2299,TSLA,BUY,LIMIT,420.18,8,1914,NEW,
2300,META,BUY,LIMIT,642.6,21,1915,NEW,
2301,GOOGL,BUY,LIMIT,306,68,1916,NEW,
2302,TSLA,,,,,,CANCEL,283
2303,GOOGL,SELL,LIMIT,306.04,2,1917,NEW,
2304,AAPL,SELL,LIMIT,255.63,100,1918,NEW,
2305,MSFT,BUY,LIMIT,401.88,74,1919,NEW,
2306,TSLA,BUY,LIMIT,420.21,55,1920,NEW,
2307,NVDA,,,182.41,6,,AMEND,1795
2308,GOOGL,SELL,MARKET,,82,1921,NEW,
2309,AAPL,SELL,LIMIT,255.62,59,1922,NEW,
2310,AMZN,BUY,LIMIT,198.47,12,1923,NEW,
2311,AAPL,SELL,LIMIT,255.64,933,1924,NEW,
2312,AMZN,SELL,LIMIT,198.62,78,1925,NEW,
2313,NVDA,BUY,MARKET,,45,1926,NEW,
2314,TSLA,,,418.11,72,,AMEND,907
2315,MSFT,BUY,LIMIT,401.76,84,1927,NEW,
2316,AMZN,BUY,LIMIT,198.55,67,1928,NEW,
2317,AAPL,,,,,,CANCEL,676
2318,TSLA,SELL,LIMIT,420.2,76,1929,NEW,
2319,SPY,SELL,LIMIT,679.94,14,1930,NEW,
2320,AAPL,SELL,LIMIT,255.61,61,1931,NEW,
2321,META,SELL,LIMIT,642.81,68,1932,NEW,
2322,META,BUY,MARKET,,418,1933,NEW,
2323,AMZN,,,,,,CANCEL,1185
2324,META,BUY,LIMIT,642.65,28,1934,NEW,
2325,AAPL,BUY,MARKET,,486,1935,NEW,
2326,GOOGL,BUY,LIMIT,305.91,48,1936,NEW,
2327,MSFT,BUY,LIMIT,401.77,85,1937,NEW,
2328,MSFT,BUY,LIMIT,401.77,4,1938,NEW,
2329,MSFT,BUY,LIMIT,401.65,81,1939,NEW,
2330,AAPL,,,255.39,716,,AMEND,1256
2331,GOOGL,SELL,LIMIT,306.01,63,1940,NEW,
2332,TSLA,,,419.87,1,,AMEND,174
2333,AAPL,,,,,,CANCEL,1912
2334,NVDA,BUY,LIMIT,182.03,77,1941,NEW,
2335,SPY,BUY,LIMIT,679.7,78,1942,NEW,
2336,SPY,SELL,LIMIT,680.06,29,1943,NEW,
2337,NVDA,BUY,LIMIT,181.99,12,1944,NEW,
2338,META,,,,,,CANCEL,267
2339,NVDA,,,181.92,60,,AMEND,1329
2340,NVDA,BUY,LIMIT,181.88,52,1945,NEW,
2341,SPY,BUY,LIMIT,679.9,76,1946,NEW,
2342,AMZN,,,,,,CANCEL,1925
2343,META,SELL,MARKET,,884,1947,NEW,
2344,GOOGL,,,306.08,358,,AMEND,1713
2345,AMZN,SELL,LIMIT,198.62,57,1948,NEW,
2346,TSLA,BUY,LIMIT,419.65,35,1949,NEW,
2347,TSLA,BUY,LIMIT,419.91,6,1950,NEW,
2348,GOOGL,SELL,LIMIT,305.97,73,1951,NEW,
2349,SPY,SELL,LIMIT,680.04,25,1952,NEW,
2350,TSLA,BUY,MARKET,,70,1953,NEW,
2351,AMZN,BUY,LIMIT,198.56,74,1954,NEW,
2352,MSFT,SELL,LIMIT,401.71,88,1955,NEW,
2353,NVDA,,,181.85,95,,AMEND,44742
2354,SPY,BUY,LIMIT,679.73,62,1956,NEW,
2355,SPY,BUY,MARKET,,48,1957,NEW,
2356,NVDA,BUY,MARKET,,425,1958,NEW,
2357,SPY,SELL,LIMIT,680.09,38,1959,NEW,
2358,TSLA,,,,,,CANCEL,1373
2359,TSLA,SELL,LIMIT,419.67,39,1960,NEW,
2360,AAPL,SELL,LIMIT,255.64,8,1961,NEW,
2361,TSLA,,,419.85,128,,AMEND,1687
2362,GOOGL,SELL,LIMIT,305.87,515,1962,NEW,
2363,TSLA,,,419.61,74,,AMEND,1847
2364,SPY,,,679.79,1,,AMEND,634
2365,META,SELL,LIMIT,642.73,17,1963,NEW,
2366,NVDA,BUY,MARKET,,76,1964,NEW,
2367,SPY,BUY,LIMIT,679.83,42,1965,NEW,
2368,AMZN,,,,,,CANCEL,1678
2369,AAPL,,,,,,CANCEL,1673
2370,GOOGL,,,,,,CANCEL,420
2371,AAPL,,,,,,CANCEL,673
2372,AAPL,BUY,LIMIT,255.47,31,1966,NEW,
2373,GOOGL,BUY,LIMIT,305.87,21,1967,NEW,
2374,NVDA,,,,,,CANCEL,1347
2375,MSFT,SELL,LIMIT,401.87,90,1968,NEW,
2376,AAPL,BUY,LIMIT,255.45,95,1969,NEW,
2377,AAPL,SELL,LIMIT,255.5,47,1970,NEW,
2378,MSFT,SELL,LIMIT,401.8,8,1971,NEW,
2379,AAPL,SELL,LIMIT,255.61,89,1972,NEW,
2380,META,,,,,,CANCEL,158
2381,GOOGL,SELL,LIMIT,305.99,57,1973,NEW,
2382,AAPL,SELL,LIMIT,255.66,15,1974,NEW,
2383,SPY,BUY,LIMIT,679.89,21,1975,NEW,
2384,TSLA,,,,,,CANCEL,915
2385,AAPL,BUY,LIMIT,255.59,688,1976,NEW,
2386,TSLA,BUY,LIMIT,419.11,87,1977,NEW,
2387,AAPL,BUY,LIMIT,255.58,66,1978,NEW,
2388,MSFT,SELL,LIMIT,401.69,51,1979,NEW,
2389,NVDA,SELL,LIMIT,181.98,24,1980,NEW,
2390,NVDA,SELL,LIMIT,181.89,994,1981,NEW,
2391,NVDA,,,181.73,116,,AMEND,1515
2392,AAPL,SELL,LIMIT,255.61,39,1982,NEW,
2393,META,,,,,,CANCEL,1703
2394,NVDA,BUY,LIMIT,181.76,67,1983,NEW,
2395,AMZN,,,198.57,14,,AMEND,1842
2396,AMZN,,,,,,CANCEL,14
2397,AAPL,BUY,LIMIT,255.61,67,1984,NEW,
2398,MSFT,,,,,,CANCEL,413
2399,GOOGL,,,306,78,,AMEND,1344
2400,SPY,,,,,,CANCEL,1133
2401,GOOGL,BUY,LIMIT,305.83,18,1985,NEW,
2402,AMZN,,,198.93,59,,AMEND,193
2403,GOOGL,BUY,LIMIT,305.91,63,1986,NEW,
2404,MSFT,SELL,LIMIT,401.83,70,1987,NEW,
2405,GOOGL,BUY,LIMIT,305.84,83,1988,NEW,
2406,NVDA,BUY,LIMIT,181.8,51,1989,NEW,
2407,TSLA,,,419.06,17,,AMEND,286
2408,META,SELL,LIMIT,642.61,37,1990,NEW,
2409,SPY,BUY,LIMIT,679.96,31,1991,NEW,
2410,AAPL,,,255.63,49,,AMEND,630
2411,MSFT,SELL,LIMIT,401.78,336,1992,NEW,
2412,AMZN,SELL,LIMIT,198.6,3,1993,NEW,
2413,AAPL,,,,,,CANCEL,1089
2414,AMZN,BUY,LIMIT,198.48,16,1994,NEW,
2415,TSLA,,,418.97,34,,AMEND,891
2416,AMZN,BUY,LIMIT,198.5,96,1995,NEW,
2417,SPY,BUY,LIMIT,680.08,99,1996,NEW,
2418,NVDA,,,181.8,78,,AMEND,430
2419,MSFT,SELL,LIMIT,401.64,66,1997,NEW,
2420,AAPL,BUY,LIMIT,255.57,1,1998,NEW,
2421,AAPL,SELL,LIMIT,255.72,38,1999,NEW,
2422,SPY,SELL,LIMIT,680.26,70,2000,NEW,
2423,GOOGL,BUY,MARKET,,49,2001,NEW,
2424,META,SELL,LIMIT,642.75,63,2002,NEW,
2425,AAPL,SELL,LIMIT,255.91,69,2003,NEW,
2426,AAPL,BUY,LIMIT,255.83,56,2004,NEW,
2427,META,BUY,LIMIT,642.56,34,2005,NEW,
2428,GOOGL,BUY,LIMIT,305.72,24,2006,NEW,
2429,GOOGL,,,305.85,96,,AMEND,1450
2430,AMZN,SELL,LIMIT,198.67,91,2007,NEW,
2431,SPY,,,,,,CANCEL,1442
2432,TSLA,BUY,LIMIT,419.36,35,2008,NEW,
2433,AMZN,BUY,MARKET,,97,2009,NEW,
2434,SPY,,,681.04,111,,AMEND,597
2435,MSFT,,,,,,CANCEL,898
2436,TSLA,BUY,LIMIT,419.4,5,2010,NEW,
2437,TSLA,BUY,LIMIT,419.45,11,2011,NEW,
2438,SPY,,,,,,CANCEL,1489
2439,SPY,SELL,LIMIT,680.31,877,2012,NEW,
2440,NVDA,SELL,LIMIT,181.85,17,2013,NEW,
2441,AMZN,SELL,LIMIT,198.7,69,2014,NEW,
2442,GOOGL,SELL,MARKET,,57,2015,NEW,
2443,NVDA,BUY,LIMIT,181.8,70,2016,NEW,
2444,AAPL,SELL,LIMIT,255.84,48,2017,NEW,
2445,META,BUY,LIMIT,642.74,63,2018,NEW,
2446,AAPL,SELL,LIMIT,255.82,1,2019,NEW,
2447,NVDA,,,182.76,1,,AMEND,1009
2448,MSFT,,,,,,CANCEL,342
2449,MSFT,,,,,,CANCEL,14012
2450,SPY,,,,,,CANCEL,881
2451,SPY,SELL,MARKET,,22,2020,NEW,
2452,GOOGL,SELL,LIMIT,305.72,19,2021,NEW,
2453,META,SELL,LIMIT,642.96,96,2022,NEW,
2454,SPY,BUY,LIMIT,679.92,17,2023,NEW,
2455,TSLA,,,,,,CANCEL,1447
2456,MSFT,,,401.56,83,,AMEND,998
2457,NVDA,BUY,LIMIT,181.72,86,2024,NEW,
2458,NVDA,,,183.52,33,,AMEND,1410
2459,MSFT,SELL,LIMIT,401.61,991,2025,NEW,
2460,AAPL,BUY,MARKET,,45,2026,NEW,
2461,AMZN,,,,,,CANCEL,880
2462,AAPL,SELL,LIMIT,255.69,73,2027,NEW,
2463,AMZN,BUY,LIMIT,198.66,45,2028,NEW,
2464,SPY,,,,,,CANCEL,685
2465,GOOGL,,,,,,CANCEL,59
2466,AAPL,,,255.66,1,,AMEND,704
2467,GOOGL,SELL,LIMIT,305.6,53,2029,NEW,
2468,AAPL,,,,,,CANCEL,1077
2469,GOOGL,,,,,,CANCEL,1986
2470,TSLA,BUY,LIMIT,419.45,28,2030,NEW,
2471,AMZN,BUY,LIMIT,198.57,66,2031,NEW,
2472,NVDA,,,182.83,687,,AMEND,737
2473,META,SELL,LIMIT,643.05,4,2032,NEW,
2474,TSLA,BUY,LIMIT,419.14,3,2033,NEW,
2475,MSFT,SELL,MARKET,,2,2034,NEW,
2476,MSFT,BUY,LIMIT,401.51,848,2035,NEW,
2477,MSFT,,,,,,CANCEL,1461
2478,NVDA,SELL,LIMIT,181.74,37,2036,NEW,
2479,TSLA,,,,,,CANCEL,2011
2480,MSFT,,,,,,CANCEL,126
2481,GOOGL,BUY,MARKET,,95,2037,NEW,
2482,MSFT,BUY,LIMIT,401.61,55,2038,NEW,
2483,META,,,,,,CANCEL,917
2484,GOOGL,BUY,LIMIT,305.54,716,2039,NEW,
2485,GOOGL,SELL,LIMIT,305.84,55,2040,NEW,
2486,GOOGL,,,305.83,192,,AMEND,1985
2487,SPY,,,,,,CANCEL,1260
2488,AMZN,,,,,,CANCEL,138
2489,META,BUY,MARKET,,8,2041,NEW,
2490,MSFT,SELL,LIMIT,401.58,75,2042,NEW,
2491,META,SELL,LIMIT,642.93,20,2043,NEW,
2492,META,BUY,LIMIT,642.62,78,2044,NEW,
2493,TSLA,BUY,MARKET,,37,2045,NEW,
2494,AAPL,SELL,LIMIT,255.69,11,2046,NEW,
2495,META,SELL,MARKET,,72,2047,NEW,
2496,AAPL,BUY,MARKET,,37,2048,NEW,
2497,GOOGL,,,306.08,327,,AMEND,1713
2498,META,SELL,LIMIT,642.75,691,2049,NEW,
2499,META,BUY,MARKET,,429,2050,NEW,
2500,AAPL,BUY,LIMIT,255.73,63,2051,NEW,
2501,META,BUY,LIMIT,642.86,76,2052,NEW,
2502,GOOGL,SELL,MARKET,,72,2053,NEW,
2503,TSLA,BUY,LIMIT,419.44,79,2054,NEW,
2504,AAPL,SELL,MARKET,,97,2055,NEW,
2505,MSFT,BUY,MARKET,,48,2056,NEW,
2506,MSFT,,,,,,CANCEL,1570
2507,SPY,,,680.27,51,,AMEND,1930
2508,AMZN,,,,,,CANCEL,395
2509,AAPL,,,,,,CANCEL,712
2510,GOOGL,,,,,,CANCEL,436
2511,META,,,,,,CANCEL,1875
2512,AMZN,SELL,LIMIT,198.55,31,2057,NEW,
2513,TSLA,,,,,,CANCEL,1840
2514,MSFT,SELL,MARKET,,94,2058,NEW,
2515,TSLA,,,,,,CANCEL,157
2516,MSFT,BUY,LIMIT,401.49,85,2059,NEW,
2517,AMZN,,,,,,CANCEL,1993
2518,AMZN,SELL,LIMIT,198.42,3,2060,NEW,
2519,TSLA,BUY,LIMIT,419.28,16,2061,NEW,
2520,AAPL,BUY,MARKET,,46,2062,NEW,
2521,AMZN,BUY,MARKET,,209,2063,NEW,
2522,AMZN,SELL,LIMIT,198.37,72,2064,NEW,
2523,NVDA,SELL,LIMIT,181.64,27,2065,NEW,
2524,AMZN,SELL,MARKET,,20,2066,NEW,
2525,AMZN,,,,,,CANCEL,1290
2526,MSFT,BUY,LIMIT,401.63,79,2067,NEW,
2527,NVDA,,,183.14,21,,AMEND,914
2528,SPY,BUY,MARKET,,68,2068,NEW,
2529,MSFT,,,401.61,15,,AMEND,2038
2530,META,SELL,MARKET,,14,2069,NEW,
2531,META,,,,,,CANCEL,229
2532,AAPL,SELL,LIMIT,256.05,42,2070,NEW,
2533,AMZN,BUY,LIMIT,198.3,87,2071,NEW,
2534,TSLA,,,418.01,50,,AMEND,391
2535,GOOGL,,,305.95,716,,AMEND,202
2536,AMZN,SELL,LIMIT,198.31,1,2072,NEW,
2537,AAPL,SELL,LIMIT,256.01,27,2073,NEW,
2538,NVDA,,,,,,CANCEL,1824
2539,GOOGL,SELL,MARKET,,13,2074,NEW,
2540,AAPL,SELL,LIMIT,255.97,86,2075,NEW,
2541,TSLA,SELL,MARKET,,73,2076,NEW,
2542,NVDA,BUY,LIMIT,181.53,37,2077,NEW,
2543,AAPL,,,,,,CANCEL,1186
2544,AAPL,SELL,LIMIT,255.89,3,2078,NEW,
2545,GOOGL,BUY,MARKET,,65,2079,NEW,
2546,META,SELL,LIMIT,643.09,20,2080,NEW,
2547,MSFT,,,,,,CANCEL,1393
2548,NVDA,SELL,LIMIT,181.66,22,2081,NEW,
2549,TSLA,,,,,,CANCEL,98
2550,SPY,,,,,,CANCEL,760
2551,SPY,BUY,LIMIT,679.69,80,2082,NEW,
2552,NVDA,BUY,LIMIT,181.63,93,2083,NEW,
2553,TSLA,,,,,,CANCEL,1832
2554,NVDA,BUY,LIMIT,181.53,94,2084,NEW,
2555,NVDA,SELL,LIMIT,181.56,619,2085,NEW,
2556,MSFT,BUY,LIMIT,401.58,85,2086,NEW,
2557,MSFT,SELL,MARKET,,3,2087,NEW,
2558,SPY,,,,,,CANCEL,1493
2559,SPY,SELL,LIMIT,680.07,44,2088,NEW,
2560,MSFT,SELL,LIMIT,401.58,66,2089,NEW,
2561,AAPL,,,,,,CANCEL,456
2562,SPY,SELL,LIMIT,680.03,14,2090,NEW,
2563,TSLA,BUY,LIMIT,418.97,92,2091,NEW,
2564,AAPL,BUY,LIMIT,255.82,58,2092,NEW,
2565,TSLA,SELL,LIMIT,418.95,75,2093,NEW,
2566,TSLA,BUY,LIMIT,418.65,18,2094,NEW,
2567,SPY,SELL,LIMIT,679.98,95,2095,NEW,
2568,META,SELL,LIMIT,643.2,51,2096,NEW,
2569,META,SELL,LIMIT,643.26,369,2097,NEW,
2570,GOOGL,BUY,LIMIT,305.75,15,2098,NEW,
2571,TSLA,BUY,LIMIT,418.94,381,2099,NEW,
2572,MSFT,SELL,LIMIT,401.67,63,2100,NEW,
2573,TSLA,SELL,LIMIT,419.14,870,2101,NEW,
2574,TSLA,BUY,MARKET,,82,2102,NEW,
2575,AMZN,BUY,LIMIT,198.32,44,2103,NEW,
2576,AMZN,BUY,LIMIT,198.35,518,2104,NEW,
2577,TSLA,BUY,MARKET,,95,2105,NEW,
2578,NVDA,BUY,LIMIT,181.59,72,2106,NEW,
2579,GOOGL,,,305.74,84,,AMEND,20409
2580,AAPL,SELL,MARKET,,94,2107,NEW,
2581,GOOGL,BUY,LIMIT,305.73,66,2108,NEW,
2582,AMZN,SELL,LIMIT,198.43,85,2109,NEW,
2583,NVDA,SELL,LIMIT,181.56,55,2110,NEW,
2584,TSLA,BUY,LIMIT,419.42,97,2111,NEW,
2585,GOOGL,BUY,LIMIT,305.6,53,2112,NEW,
2586,MSFT,SELL,LIMIT,401.56,43,2113,NEW,
2587,MSFT,,,,,,CANCEL,1392
2588,NVDA,,,,,,CANCEL,1029
2589,GOOGL,BUY,LIMIT,305.61,6,2114,NEW,
2590,AMZN,SELL,LIMIT,198.51,82,2115,NEW,
2591,AAPL,,,,,,CANCEL,1966
2592,AMZN,,,198.53,99,,AMEND,1070
2593,AMZN,,,,,,CANCEL,1842
2594,GOOGL,,,,,,CANCEL,50937
2595,META,,,,,,CANCEL,744
2596,META,BUY,LIMIT,643.27,35,2116,NEW,
2597,NVDA,BUY,LIMIT,181.44,76,2117,NEW,
2598,GOOGL,BUY,LIMIT,305.7,47,2118,NEW,
2599,GOOGL,SELL,LIMIT,305.8,26,2119,NEW,
2600,SPY,BUY,LIMIT,679.85,93,2120,NEW,
2601,NVDA,BUY,MARKET,,87,2121,NEW,
2602,SPY,,,680.09,3,,AMEND,35
2603,AAPL,SELL,MARKET,,29,2122,NEW,
2604,META,SELL,MARKET,,42,2123,NEW,
2605,NVDA,SELL,LIMIT,181.4,51,2124,NEW,
2606,AAPL,BUY,LIMIT,255.99,22,2125,NEW,
2607,NVDA,SELL,LIMIT,181.37,87,2126,NEW,
2608,GOOGL,SELL,MARKET,,77,2127,NEW,
2609,GOOGL,BUY,LIMIT,305.73,62,2128,NEW,
2610,TSLA,,,,,,CANCEL,2111
2611,SPY,BUY,LIMIT,679.9,27,2129,NEW,
2612,AAPL,BUY,MARKET,,69,2130,NEW,
2613,TSLA,BUY,LIMIT,419.32,6,2131,NEW,
2614,GOOGL,BUY,LIMIT,305.72,23,2132,NEW,
2615,SPY,,,,,,CANCEL,1864
2616,AAPL,BUY,LIMIT,256,72,2133,NEW,
2617,AAPL,,,,,,CANCEL,1838
2618,GOOGL,BUY,LIMIT,305.77,23,2134,NEW,
2619,TSLA,SELL,LIMIT,419.69,52,2135,NEW,
2620,META,,,,,,CANCEL,833
2621,GOOGL,,,,,,CANCEL,882
2622,MSFT,,,,,,CANCEL,1532
2623,AMZN,SELL,LIMIT,198.61,77,2136,NEW,
2624,NVDA,BUY,LIMIT,181.21,54,2137,NEW,
2625,AAPL,BUY,MARKET,,8,2138,NEW,
2626,AMZN,SELL,LIMIT,198.65,29,2139,NEW,
2627,MSFT,BUY,MARKET,,64,2140,NEW,
2628,SPY,SELL,MARKET,,39,2141,NEW,
2629,GOOGL,BUY,LIMIT,305.75,80,2142,NEW,
2630,TSLA,SELL,LIMIT,419.56,9,2143,NEW,
2631,NVDA,BUY,MARKET,,24,2144,NEW,
2632,META,SELL,LIMIT,643.18,830,2145,NEW,
2633,TSLA,,,419.64,399,,AMEND,932
2634,SPY,SELL,LIMIT,680.01,24,2146,NEW,
