seq,symbol,side,type,price,qty,peak_qty,order_id,action,ref_id
1,SPY,BUY,LIMIT,681.84,13,,1,NEW,
2,TSLA,SELL,LIMIT,417.33,47,,2,NEW,
3,AAPL,BUY,LIMIT,255.76,99,,3,NEW,
4,AAPL,BUY,LIMIT,255.63,96,,4,NEW,
5,NVDA,BUY,LIMIT,182.84,74,,5,NEW,
6,NVDA,SELL,LIMIT,182.89,54,,6,NEW,
7,SPY,SELL,LIMIT,682.08,32,,7,NEW,
8,MSFT,SELL,LIMIT,401.42,34,,8,NEW,
9,META,SELL,LIMIT,639.9,53,,9,NEW,
10,META,SELL,LIMIT,640.16,40,,10,NEW,
11,MSFT,BUY,LIMIT,401.34,98,,11,NEW,
12,TSLA,BUY,LIMIT,416.95,46,,12,NEW,
13,MSFT,SELL,LIMIT,401.58,58,,13,NEW,
14,GOOGL,BUY,LIMIT,305.81,34,,14,NEW,
15,SPY,BUY,LIMIT,681.75,25,,15,NEW,
16,MSFT,SELL,LIMIT,401.41,33,,16,NEW,
17,NVDA,BUY,LIMIT,182.85,26,,17,NEW,
18,NVDA,BUY,LIMIT,182.91,81,,18,NEW,
19,NVDA,SELL,LIMIT,182.83,30,,19,NEW,
20,MSFT,BUY,LIMIT,401.3,45,,20,NEW,
21,TSLA,SELL,LIMIT,416.81,71,,21,NEW,
22,MSFT,BUY,LIMIT,401.37,3,,22,NEW,
23,NVDA,BUY,LIMIT,182.9,53,,23,NEW,
24,AMZN,SELL,LIMIT,198.88,420,,24,NEW,
25,TSLA,SELL,LIMIT,416.85,72,,25,NEW,
26,GOOGL,BUY,LIMIT,305.92,84,,26,NEW,
27,GOOGL,BUY,LIMIT,305.78,13,,27,NEW,
28,NVDA,SELL,LIMIT,182.97,23,,28,NEW,
29,SPY,SELL,LIMIT,681.98,74,,29,NEW,
30,GOOGL,SELL,LIMIT,305.99,375,,30,NEW,
31,TSLA,BUY,LIMIT,416.57,40,,31,NEW,
32,TSLA,SELL,LIMIT,416.73,28,,32,NEW,
33,AMZN,BUY,LIMIT,198.82,436,,33,NEW,
34,MSFT,BUY,LIMIT,401.39,86,,34,NEW,
35,NVDA,SELL,LIMIT,182.96,78,,35,NEW,
36,AAPL,SELL,LIMIT,255.64,41,,36,NEW,
37,META,BUY,LIMIT,640.02,26,,37,NEW,
38,GOOGL,BUY,LIMIT,305.81,27,,38,NEW,
39,AAPL,SELL,LIMIT,255.63,537,,39,NEW,
40,AMZN,BUY,LIMIT,198.84,68,,40,NEW,
41,MSFT,BUY,LIMIT,401.5,32,,41,NEW,
42,TSLA,SELL,LIMIT,416.78,5,,42,NEW,
43,AAPL,BUY,LIMIT,255.54,40,,43,NEW,
44,AAPL,SELL,LIMIT,255.74,59,,44,NEW,
45,TSLA,BUY,LIMIT,416.68,286,,45,NEW,
46,NVDA,SELL,LIMIT,183.03,15,,46,NEW,
47,SPY,SELL,LIMIT,681.84,48,,47,NEW,
48,AAPL,SELL,LIMIT,255.66,74,,48,NEW,
49,MSFT,SELL,LIMIT,401.5,42,,49,NEW,
50,SPY,SELL,LIMIT,681.79,259,,50,NEW,
51,TSLA,BUY,LIMIT,416.35,63,,51,NEW,
52,GOOGL,BUY,LIMIT,305.81,30,,52,NEW,
53,AMZN,SELL,LIMIT,198.97,100,,53,NEW,
54,MSFT,SELL,LIMIT,401.49,97,,54,NEW,
55,MSFT,BUY,LIMIT,401.24,28,,55,NEW,
56,AAPL,SELL,LIMIT,255.66,47,,56,NEW,
57,AAPL,SELL,LIMIT,255.69,76,,57,NEW,
58,MSFT,BUY,LIMIT,401.38,40,,58,NEW,
59,AAPL,SELL,LIMIT,255.63,77,,59,NEW,
60,NVDA,BUY,LIMIT,182.89,78,,60,NEW,
61,AAPL,BUY,LIMIT,255.47,767,,61,NEW,
62,TSLA,BUY,LIMIT,416.27,29,,62,NEW,
63,AAPL,SELL,LIMIT,255.63,30,,63,NEW,
64,AAPL,SELL,LIMIT,255.59,76,,64,NEW,
65,MSFT,SELL,LIMIT,401.58,27,,65,NEW,
66,AMZN,SELL,LIMIT,199,14,,66,NEW,
67,TSLA,SELL,LIMIT,416.04,18,,67,NEW,
68,AAPL,SELL,LIMIT,255.51,68,,68,NEW,
69,MSFT,SELL,LIMIT,401.45,675,,69,NEW,
70,SPY,SELL,LIMIT,681.75,54,,70,NEW,
71,NVDA,BUY,LIMIT,182.83,35,,71,NEW,
72,AAPL,SELL,LIMIT,255.55,14,,72,NEW,
73,GOOGL,BUY,LIMIT,305.87,13,,73,NEW,
74,AMZN,SELL,LIMIT,198.98,64,,74,NEW,
75,AAPL,SELL,LIMIT,255.51,52,,75,NEW,
76,NVDA,SELL,LIMIT,182.92,4,,76,NEW,
77,AAPL,BUY,LIMIT,255.33,18,,77,NEW,
78,GOOGL,BUY,LIMIT,305.82,98,,78,NEW,
79,MSFT,BUY,LIMIT,401.41,15,,79,NEW,
80,META,SELL,LIMIT,640.06,40,,80,NEW,
81,AAPL,BUY,LIMIT,255.29,37,,81,NEW,
82,AAPL,BUY,LIMIT,255.38,374,,82,NEW,
83,AMZN,SELL,LIMIT,199.06,46,,83,NEW,
84,NVDA,SELL,LIMIT,182.97,77,,84,NEW,
85,AAPL,SELL,LIMIT,255.48,47,,85,NEW,
86,SPY,SELL,LIMIT,681.82,98,,86,NEW,
87,MSFT,SELL,LIMIT,401.54,39,,87,NEW,
88,NVDA,SELL,LIMIT,183.08,422,,88,NEW,
89,MSFT,BUY,LIMIT,401.38,51,,89,NEW,
90,TSLA,BUY,LIMIT,416.16,80,,90,NEW,
91,GOOGL,BUY,LIMIT,305.76,30,,91,NEW,
92,MSFT,SELL,LIMIT,401.46,52,,92,NEW,
93,AMZN,BUY,LIMIT,199.02,49,,93,NEW,
94,MSFT,SELL,LIMIT,401.42,56,,94,NEW,
95,TSLA,BUY,LIMIT,415.98,42,,95,NEW,
96,AAPL,SELL,LIMIT,255.54,1,,96,NEW,
97,GOOGL,SELL,LIMIT,305.85,19,,97,NEW,
98,SPY,SELL,LIMIT,682.06,82,,98,NEW,
99,GOOGL,SELL,LIMIT,305.81,38,,99,NEW,
100,MSFT,SELL,LIMIT,401.26,94,,100,NEW,
101,AAPL,BUY,LIMIT,255.54,88,,101,NEW,
102,SPY,BUY,LIMIT,681.82,509,,102,NEW,
103,MSFT,SELL,LIMIT,401.22,23,,103,NEW,
104,TSLA,SELL,LIMIT,416.04,54,,104,NEW,
105,AMZN,BUY,LIMIT,199.04,45,,105,NEW,
106,MSFT,SELL,LIMIT,401.33,565,,106,NEW,
107,SPY,SELL,LIMIT,682.08,67,,107,NEW,
108,SPY,SELL,LIMIT,682.15,81,,108,NEW,
109,NVDA,BUY,LIMIT,183.08,19,,109,NEW,
110,MSFT,SELL,LIMIT,401.4,47,,110,NEW,
111,NVDA,BUY,LIMIT,182.99,615,,111,NEW,
112,META,BUY,LIMIT,639.75,51,,112,NEW,
113,SPY,BUY,LIMIT,681.99,62,,113,NEW,
114,NVDA,BUY,LIMIT,182.95,46,,114,NEW,
115,GOOGL,BUY,LIMIT,305.66,47,,115,NEW,
116,NVDA,BUY,LIMIT,182.93,61,,116,NEW,
117,META,BUY,LIMIT,640,48,,117,NEW,
118,SPY,SELL,LIMIT,682.09,65,,118,NEW,
119,AAPL,BUY,LIMIT,255.51,8,,119,NEW,
120,AAPL,SELL,LIMIT,255.6,28,,120,NEW,
121,NVDA,BUY,LIMIT,182.97,61,,121,NEW,
122,NVDA,SELL,LIMIT,183,11,,122,NEW,
123,TSLA,SELL,LIMIT,416.27,5,,123,NEW,
124,AAPL,SELL,LIMIT,255.64,69,,124,NEW,
125,NVDA,SELL,LIMIT,183.05,74,,125,NEW,
126,SPY,SELL,LIMIT,681.93,48,,126,NEW,
127,AMZN,SELL,LIMIT,199.13,63,,127,NEW,
128,NVDA,SELL,LIMIT,183.07,86,,128,NEW,
129,TSLA,BUY,LIMIT,415.99,2,,129,NEW,
130,NVDA,SELL,LIMIT,183.14,52,,130,NEW,
131,TSLA,BUY,LIMIT,415.92,10,,131,NEW,
132,TSLA,SELL,LIMIT,415.87,16,,132,NEW,
133,AAPL,SELL,LIMIT,255.68,67,,133,NEW,
134,SPY,BUY,LIMIT,681.76,5,,134,NEW,
135,AMZN,SELL,LIMIT,199.09,5,,135,NEW,
136,AMZN,BUY,LIMIT,199.04,90,,136,NEW,
137,NVDA,BUY,LIMIT,183.06,56,,137,NEW,
138,NVDA,BUY,LIMIT,183.1,81,,138,NEW,
139,AAPL,BUY,LIMIT,255.6,975,,139,NEW,
140,AMZN,BUY,LIMIT,199.05,79,,140,NEW,
141,NVDA,BUY,LIMIT,183.05,50,,141,NEW,
142,GOOGL,BUY,LIMIT,305.73,10,,142,NEW,
143,NVDA,BUY,LIMIT,183.02,10,,143,NEW,
144,TSLA,BUY,LIMIT,415.52,74,,144,NEW,
145,TSLA,BUY,LIMIT,415.77,26,,145,NEW,
146,AMZN,SELL,LIMIT,199.15,21,,146,NEW,
147,GOOGL,SELL,LIMIT,305.88,58,,147,NEW,
148,NVDA,BUY,LIMIT,183,97,,148,NEW,
149,GOOGL,SELL,LIMIT,305.79,88,,149,NEW,
150,NVDA,BUY,LIMIT,183.16,76,,150,NEW,
151,NVDA,BUY,LIMIT,183.16,41,,151,NEW,
152,META,BUY,LIMIT,640.1,403,,152,NEW,
153,TSLA,SELL,LIMIT,415.83,5,,153,NEW,
154,AAPL,BUY,LIMIT,255.52,6,,154,NEW,
155,SPY,BUY,LIMIT,681.65,792,,155,NEW,
156,AAPL,SELL,LIMIT,255.61,60,,156,NEW,
157,TSLA,BUY,LIMIT,415.75,83,,157,NEW,
158,MSFT,BUY,LIMIT,401.32,18,,158,NEW,
159,NVDA,SELL,LIMIT,183.11,28,,159,NEW,
160,AAPL,BUY,LIMIT,255.46,307,,160,NEW,
161,META,BUY,LIMIT,639.94,11,,161,NEW,
162,NVDA,BUY,LIMIT,183.03,61,,162,NEW,
163,AAPL,SELL,LIMIT,255.51,11,,163,NEW,
164,AMZN,BUY,LIMIT,199.13,53,,164,NEW,
165,MSFT,BUY,LIMIT,401.27,17,,165,NEW,
166,SPY,SELL,LIMIT,682.01,69,,166,NEW,
167,MSFT,SELL,LIMIT,401.41,70,,167,NEW,
168,AMZN,BUY,LIMIT,199.15,853,,168,NEW,
169,AAPL,SELL,LIMIT,255.57,7,,169,NEW,
170,GOOGL,SELL,LIMIT,305.75,11,,170,NEW,
171,TSLA,BUY,LIMIT,415.68,32,,171,NEW,
172,NVDA,SELL,LIMIT,183.06,28,,172,NEW,
173,META,BUY,LIMIT,639.81,320,,173,NEW,
174,TSLA,SELL,LIMIT,415.77,52,,174,NEW,
175,AAPL,BUY,LIMIT,255.4,51,,175,NEW,
176,AMZN,SELL,LIMIT,199.21,12,,176,NEW,
177,NVDA,SELL,LIMIT,183.08,47,,177,NEW,
178,AAPL,SELL,LIMIT,255.44,1,,178,NEW,
179,SPY,SELL,LIMIT,682.2,31,,179,NEW,
180,AAPL,BUY,LIMIT,255.32,98,,180,NEW,
181,NVDA,SELL,LIMIT,183.02,42,,181,NEW,
182,SPY,BUY,LIMIT,681.92,76,,182,NEW,
183,NVDA,SELL,LIMIT,183.04,83,,183,NEW,
184,META,SELL,LIMIT,639.93,74,,184,NEW,
185,TSLA,BUY,LIMIT,415.49,15,,185,NEW,
186,TSLA,SELL,LIMIT,415.45,28,,186,NEW,
187,TSLA,BUY,LIMIT,415.37,404,,187,NEW,
188,AAPL,BUY,LIMIT,255.27,39,,188,NEW,
189,MSFT,BUY,LIMIT,401.28,956,,189,NEW,
190,AMZN,SELL,LIMIT,199.27,60,,190,NEW,
191,META,BUY,LIMIT,639.86,9,,191,NEW,
192,META,SELL,LIMIT,640.15,39,,192,NEW,
193,AMZN,BUY,LIMIT,199.26,56,,193,NEW,
194,MSFT,BUY,LIMIT,401.15,29,,194,NEW,
195,SPY,SELL,LIMIT,682.13,77,,195,NEW,
196,META,SELL,LIMIT,640.17,91,,196,NEW,
197,TSLA,BUY,LIMIT,415.52,100,,197,NEW,
198,AAPL,BUY,LIMIT,255.4,83,,198,NEW,
199,META,SELL,LIMIT,639.97,576,,199,NEW,
200,AAPL,BUY,LIMIT,255.33,75,,200,NEW,
201,AAPL,BUY,LIMIT,255.35,18,,201,NEW,
202,META,SELL,LIMIT,640.3,8,,202,NEW,
203,AMZN,SELL,LIMIT,199.38,86,,203,NEW,
204,NVDA,SELL,LIMIT,183.05,8,,204,NEW,
205,NVDA,BUY,LIMIT,183.09,95,,205,NEW,
206,AMZN,BUY,LIMIT,199.26,33,,206,NEW,
207,META,SELL,LIMIT,640.25,49,,207,NEW,
208,MSFT,BUY,LIMIT,401.17,4,,208,NEW,
209,AAPL,SELL,LIMIT,255.4,581,,209,NEW,
210,AMZN,BUY,LIMIT,199.29,31,,210,NEW,
211,NVDA,BUY,LIMIT,183.06,69,,211,NEW,
212,AAPL,BUY,LIMIT,255.25,68,,212,NEW,
213,AAPL,SELL,LIMIT,255.39,36,,213,NEW,
214,AAPL,BUY,LIMIT,255.39,539,,214,NEW,
215,NVDA,SELL,LIMIT,183.17,53,,215,NEW,
216,GOOGL,SELL,LIMIT,305.83,54,,216,NEW,
217,AMZN,SELL,LIMIT,199.38,8,,217,NEW,
218,SPY,BUY,LIMIT,681.7,66,,218,NEW,
219,MSFT,SELL,LIMIT,401.27,22,,219,NEW,
220,AAPL,BUY,LIMIT,255.37,722,,220,NEW,
221,MSFT,SELL,LIMIT,401.25,32,,221,NEW,
222,AAPL,SELL,LIMIT,255.45,66,,222,NEW,
223,MSFT,BUY,LIMIT,401.13,68,,223,NEW,
224,META,SELL,LIMIT,640.2,80,,224,NEW,
225,AMZN,SELL,LIMIT,199.38,98,,225,NEW,
226,GOOGL,BUY,LIMIT,305.71,34,,226,NEW,
227,META,BUY,LIMIT,640.04,32,,227,NEW,
228,MSFT,SELL,LIMIT,401.4,31,,228,NEW,
229,AMZN,SELL,LIMIT,199.41,44,,229,NEW,
230,GOOGL,SELL,LIMIT,305.71,44,,230,NEW,
231,AMZN,SELL,LIMIT,199.41,66,,231,NEW,
232,MSFT,SELL,LIMIT,401.29,62,,232,NEW,
233,AMZN,BUY,LIMIT,199.32,13,,233,NEW,
234,MSFT,BUY,LIMIT,401.08,68,,234,NEW,
235,AAPL,BUY,LIMIT,255.34,32,,235,NEW,
236,META,BUY,LIMIT,640.02,91,,236,NEW,
237,TSLA,SELL,LIMIT,415.77,29,,237,NEW,
238,AAPL,BUY,LIMIT,255.36,74,,238,NEW,
239,AAPL,BUY,LIMIT,255.39,37,,239,NEW,
240,AAPL,SELL,LIMIT,255.52,17,,240,NEW,
241,AMZN,BUY,LIMIT,199.3,97,,241,NEW,
242,MSFT,SELL,LIMIT,401.33,202,,242,NEW,
243,AMZN,BUY,LIMIT,199.37,69,,243,NEW,
244,MSFT,SELL,LIMIT,401.28,7,,244,NEW,
245,SPY,BUY,LIMIT,681.68,20,,245,NEW,
246,GOOGL,BUY,LIMIT,305.6,38,,246,NEW,
247,SPY,SELL,LIMIT,682,30,,247,NEW,
248,GOOGL,BUY,LIMIT,305.51,758,,248,NEW,
249,META,BUY,LIMIT,640.22,21,,249,NEW,
250,AMZN,SELL,LIMIT,199.47,37,,250,NEW,
251,MSFT,SELL,LIMIT,401.26,72,,251,NEW,
252,NVDA,SELL,LIMIT,183.09,76,,252,NEW,
253,META,SELL,LIMIT,640.62,52,,253,NEW,
254,AMZN,SELL,LIMIT,199.58,8,,254,NEW,
255,AAPL,BUY,LIMIT,255.41,100,,255,NEW,
256,AAPL,SELL,LIMIT,255.49,70,,256,NEW,
257,NVDA,SELL,LIMIT,183.13,20,,257,NEW,
258,META,BUY,LIMIT,640.54,65,,258,NEW,
259,MSFT,BUY,LIMIT,401.14,73,,259,NEW,
260,META,SELL,LIMIT,641.28,20,,260,NEW,
261,AMZN,SELL,LIMIT,199.63,52,,261,NEW,
262,SPY,BUY,LIMIT,681.97,940,,262,NEW,
263,SPY,SELL,LIMIT,682.27,366,,263,NEW,
264,AAPL,SELL,LIMIT,255.53,79,,264,NEW,
265,NVDA,SELL,LIMIT,183.04,955,,265,NEW,
266,MSFT,BUY,LIMIT,401.06,45,,266,NEW,
267,AAPL,SELL,LIMIT,255.51,100,,267,NEW,
268,NVDA,SELL,LIMIT,182.94,65,,268,NEW,
269,META,BUY,LIMIT,641.02,64,,269,NEW,
270,MSFT,SELL,LIMIT,401.22,88,,270,NEW,
271,NVDA,SELL,LIMIT,183.03,88,,271,NEW,
272,MSFT,SELL,LIMIT,401.18,24,,272,NEW,
273,MSFT,BUY,LIMIT,400.97,57,,273,NEW,
274,AAPL,BUY,LIMIT,255.4,76,,274,NEW,
275,AAPL,SELL,LIMIT,255.52,10,,275,NEW,
276,TSLA,BUY,LIMIT,415.54,324,,276,NEW,
277,MSFT,BUY,LIMIT,401.12,69,,277,NEW,
278,SPY,SELL,LIMIT,682.34,89,,278,NEW,
279,TSLA,SELL,LIMIT,415.57,4,,279,NEW,
280,SPY,BUY,LIMIT,682.17,78,,280,NEW,
281,AMZN,BUY,LIMIT,199.57,790,,281,NEW,
282,AAPL,SELL,LIMIT,255.53,665,,282,NEW,
283,META,SELL,LIMIT,641.07,7,,283,NEW,
284,MSFT,SELL,LIMIT,401.18,33,,284,NEW,
285,NVDA,BUY,LIMIT,183.02,530,,285,NEW,
286,NVDA,BUY,LIMIT,182.96,48,,286,NEW,
287,SPY,BUY,LIMIT,682.06,17,,287,NEW,
288,TSLA,SELL,LIMIT,415.32,89,,288,NEW,
289,NVDA,BUY,LIMIT,182.96,84,,289,NEW,
290,AAPL,BUY,LIMIT,255.44,94,,290,NEW,
291,META,BUY,LIMIT,640.94,53,,291,NEW,
292,SPY,BUY,LIMIT,682.25,38,,292,NEW,
293,TSLA,SELL,LIMIT,415.43,60,,293,NEW,
294,TSLA,BUY,LIMIT,415.44,13,,294,NEW,
295,TSLA,SELL,LIMIT,415.68,8,,295,NEW,
296,MSFT,BUY,LIMIT,401.11,30,,296,NEW,
297,TSLA,SELL,LIMIT,415.74,85,,297,NEW,
298,SPY,BUY,LIMIT,682.18,96,,298,NEW,
299,META,SELL,LIMIT,641.02,96,,299,NEW,
300,TSLA,BUY,LIMIT,415.82,47,,300,NEW,
301,GOOGL,BUY,LIMIT,305.48,97,,301,NEW,
302,META,BUY,LIMIT,640.81,16,,302,NEW,
303,AMZN,BUY,LIMIT,199.58,17,,303,NEW,
304,NVDA,SELL,LIMIT,182.94,87,,304,NEW,
305,NVDA,SELL,LIMIT,182.97,55,,305,NEW,
306,AAPL,SELL,LIMIT,255.62,67,,306,NEW,
307,TSLA,SELL,LIMIT,415.96,47,,307,NEW,
308,AAPL,SELL,LIMIT,255.66,93,,308,NEW,
309,GOOGL,BUY,LIMIT,305.44,34,,309,NEW,
310,META,BUY,LIMIT,641.1,12,,310,NEW,
311,AAPL,SELL,LIMIT,255.59,9,,311,NEW,
312,NVDA,BUY,LIMIT,182.88,74,,312,NEW,
313,MSFT,SELL,LIMIT,401.27,2,,313,NEW,
314,GOOGL,BUY,LIMIT,305.51,54,,314,NEW,
315,META,BUY,LIMIT,641.25,30,,315,NEW,
316,AAPL,SELL,LIMIT,255.57,10,,316,NEW,
317,GOOGL,BUY,LIMIT,305.48,65,,317,NEW,
318,SPY,BUY,LIMIT,682.34,88,,318,NEW,
319,AMZN,BUY,LIMIT,199.55,14,,319,NEW,
320,AMZN,SELL,LIMIT,199.69,74,,320,NEW,
321,AMZN,SELL,LIMIT,199.69,52,,321,NEW,
322,NVDA,BUY,LIMIT,182.82,56,,322,NEW,
323,MSFT,BUY,LIMIT,401.07,73,,323,NEW,
324,AMZN,SELL,LIMIT,199.68,32,,324,NEW,
325,SPY,SELL,LIMIT,682.65,62,,325,NEW,
326,META,BUY,LIMIT,641.28,95,,326,NEW,
327,GOOGL,BUY,LIMIT,305.53,32,,327,NEW,
328,AAPL,BUY,LIMIT,255.44,15,,328,NEW,
329,META,BUY,LIMIT,641.54,59,,329,NEW,
330,MSFT,SELL,LIMIT,401,16,,330,NEW,
331,MSFT,BUY,LIMIT,400.99,39,,331,NEW,
332,MSFT,SELL,LIMIT,401.14,7,,332,NEW,
333,NVDA,BUY,LIMIT,182.82,78,,333,NEW,
334,TSLA,BUY,LIMIT,415.86,91,,334,NEW,
335,META,SELL,LIMIT,641.35,65,,335,NEW,
336,NVDA,SELL,LIMIT,182.8,15,,336,NEW,
337,GOOGL,SELL,LIMIT,305.73,60,,337,NEW,
338,TSLA,SELL,LIMIT,415.76,97,,338,NEW,
339,AAPL,BUY,LIMIT,255.43,12,,339,NEW,
340,AMZN,BUY,LIMIT,199.66,23,,340,NEW,
341,SPY,SELL,LIMIT,682.69,1,,341,NEW,
342,NVDA,SELL,LIMIT,182.88,408,,342,NEW,
343,MSFT,SELL,LIMIT,400.99,8,,343,NEW,
344,AAPL,SELL,LIMIT,255.41,48,,344,NEW,
345,TSLA,BUY,LIMIT,415.63,70,,345,NEW,
346,MSFT,BUY,LIMIT,400.71,88,,346,NEW,
347,META,SELL,LIMIT,641.01,53,,347,NEW,
348,MSFT,SELL,LIMIT,400.88,33,,348,NEW,
349,AAPL,SELL,LIMIT,255.29,14,,349,NEW,
350,TSLA,SELL,LIMIT,415.53,762,,350,NEW,
351,AMZN,BUY,LIMIT,199.71,72,,351,NEW,
352,META,SELL,LIMIT,640.91,44,,352,NEW,
353,AMZN,SELL,LIMIT,199.69,89,,353,NEW,
354,AAPL,SELL,LIMIT,255.34,94,,354,NEW,
355,TSLA,SELL,LIMIT,415.62,56,,355,NEW,
356,GOOGL,BUY,LIMIT,305.66,68,,356,NEW,
357,AMZN,BUY,LIMIT,199.61,45,,357,NEW,
358,META,SELL,LIMIT,640.75,84,,358,NEW,
359,NVDA,BUY,LIMIT,182.87,61,,359,NEW,
360,GOOGL,SELL,LIMIT,305.9,33,,360,NEW,
361,GOOGL,SELL,LIMIT,305.79,24,,361,NEW,
362,SPY,SELL,LIMIT,682.59,28,,362,NEW,
363,TSLA,SELL,LIMIT,415.62,49,,363,NEW,
364,META,BUY,LIMIT,641,89,,364,NEW,
365,GOOGL,SELL,LIMIT,305.79,69,,365,NEW,
366,MSFT,BUY,LIMIT,400.86,8,,366,NEW,
367,GOOGL,BUY,LIMIT,305.59,7,,367,NEW,
368,META,SELL,LIMIT,641.11,6,,368,NEW,
369,TSLA,SELL,LIMIT,415.29,36,,369,NEW,
370,NVDA,BUY,LIMIT,182.85,42,,370,NEW,
371,SPY,BUY,LIMIT,682.49,45,,371,NEW,
372,AAPL,SELL,LIMIT,255.33,44,,372,NEW,
373,AMZN,BUY,LIMIT,199.6,91,,373,NEW,
374,AAPL,SELL,LIMIT,255.27,61,,374,NEW,
375,TSLA,BUY,LIMIT,415.42,16,,375,NEW,
376,NVDA,BUY,LIMIT,182.82,42,,376,NEW,
377,META,BUY,LIMIT,641.03,36,,377,NEW,
378,SPY,BUY,LIMIT,682.36,250,,378,NEW,
379,SPY,SELL,LIMIT,682.6,781,,379,NEW,
380,AAPL,BUY,LIMIT,255.23,90,,380,NEW,
381,AAPL,BUY,LIMIT,255.35,53,,381,NEW,
382,AMZN,BUY,LIMIT,199.59,94,,382,NEW,
383,TSLA,SELL,LIMIT,415.7,22,,383,NEW,
384,AAPL,BUY,LIMIT,255.28,744,,384,NEW,
385,META,BUY,LIMIT,640.88,37,,385,NEW,
386,TSLA,SELL,LIMIT,415.42,48,,386,NEW,
387,AAPL,SELL,LIMIT,255.32,460,,387,NEW,
388,TSLA,BUY,LIMIT,415.15,844,,388,NEW,
389,GOOGL,SELL,LIMIT,305.62,37,,389,NEW,
390,META,SELL,LIMIT,640.91,16,,390,NEW,
391,AAPL,BUY,LIMIT,255.29,66,,391,NEW,
392,NVDA,BUY,LIMIT,182.87,16,,392,NEW,
393,MSFT,SELL,LIMIT,401.04,26,,393,NEW,
394,SPY,SELL,LIMIT,682.45,19,,394,NEW,
395,NVDA,SELL,LIMIT,182.88,44,,395,NEW,
396,MSFT,BUY,LIMIT,400.86,28,,396,NEW,
397,NVDA,SELL,LIMIT,182.88,72,,397,NEW,
398,TSLA,SELL,LIMIT,415.19,41,,398,NEW,
399,NVDA,BUY,LIMIT,182.84,22,,399,NEW,
400,MSFT,BUY,LIMIT,400.89,74,,400,NEW,
401,SPY,SELL,LIMIT,682.5,395,,401,NEW,
402,AMZN,SELL,LIMIT,199.65,49,,402,NEW,
403,AAPL,SELL,LIMIT,255.3,63,,403,NEW,
404,AAPL,BUY,LIMIT,255.24,49,,404,NEW,
405,TSLA,BUY,LIMIT,415.33,18,,405,NEW,
406,NVDA,SELL,LIMIT,182.81,52,,406,NEW,
407,MSFT,SELL,LIMIT,401.01,53,,407,NEW,
408,MSFT,SELL,LIMIT,400.99,29,,408,NEW,
409,AMZN,BUY,LIMIT,199.61,57,,409,NEW,
410,MSFT,BUY,LIMIT,400.79,62,,410,NEW,
411,SPY,SELL,LIMIT,682.49,83,,411,NEW,
412,META,SELL,LIMIT,641.03,30,,412,NEW,
413,TSLA,BUY,LIMIT,415.45,70,,413,NEW,
414,META,SELL,LIMIT,640.86,97,,414,NEW,
415,AAPL,SELL,LIMIT,255.37,70,,415,NEW,
416,NVDA,SELL,LIMIT,182.85,50,,416,NEW,
417,AMZN,BUY,LIMIT,199.57,37,,417,NEW,
418,NVDA,BUY,LIMIT,182.76,89,,418,NEW,
419,META,SELL,LIMIT,640.82,24,,419,NEW,
420,MSFT,BUY,LIMIT,400.86,27,,420,NEW,
421,TSLA,SELL,LIMIT,415.58,7,,421,NEW,
422,AAPL,SELL,LIMIT,255.4,918,,422,NEW,
423,MSFT,BUY,LIMIT,400.76,44,,423,NEW,
424,NVDA,BUY,LIMIT,182.71,5,,424,NEW,
425,NVDA,BUY,LIMIT,182.7,85,,425,NEW,
426,AMZN,BUY,LIMIT,199.55,67,,426,NEW,
427,NVDA,SELL,LIMIT,182.66,89,,427,NEW,
428,META,SELL,LIMIT,640.87,37,,428,NEW,
429,NVDA,BUY,LIMIT,182.63,9,,429,NEW,
430,GOOGL,SELL,LIMIT,305.62,100,,430,NEW,
431,AAPL,BUY,LIMIT,255.31,30,,431,NEW,
432,SPY,BUY,LIMIT,682.28,21,,432,NEW,
433,TSLA,SELL,LIMIT,415.9,32,,433,NEW,
434,AAPL,BUY,LIMIT,255.45,580,,434,NEW,
435,TSLA,BUY,LIMIT,415.9,94,,435,NEW,
436,SPY,BUY,LIMIT,682.33,43,,436,NEW,
437,MSFT,SELL,LIMIT,400.98,52,,437,NEW,
438,SPY,SELL,LIMIT,682.53,49,,438,NEW,
439,AMZN,BUY,LIMIT,199.5,16,,439,NEW,
440,SPY,SELL,LIMIT,682.48,18,,440,NEW,
441,NVDA,SELL,LIMIT,182.58,564,,441,NEW,
442,SPY,BUY,LIMIT,682.16,5,,442,NEW,
443,NVDA,SELL,LIMIT,182.69,12,,443,NEW,
444,MSFT,BUY,LIMIT,400.74,89,,444,NEW,
445,NVDA,BUY,LIMIT,182.66,99,,445,NEW,
446,NVDA,SELL,LIMIT,182.85,29,,446,NEW,
447,MSFT,BUY,LIMIT,400.86,31,,447,NEW,
448,GOOGL,SELL,LIMIT,305.48,66,,448,NEW,
449,SPY,SELL,LIMIT,682.38,1,,449,NEW,
450,GOOGL,SELL,LIMIT,305.47,66,,450,NEW,
451,TSLA,BUY,LIMIT,415.99,95,,451,NEW,
452,AMZN,BUY,LIMIT,199.48,47,,452,NEW,
453,GOOGL,BUY,LIMIT,305.32,20,,453,NEW,
454,GOOGL,SELL,LIMIT,305.32,6,,454,NEW,
455,GOOGL,BUY,LIMIT,305.21,51,,455,NEW,
456,AAPL,BUY,LIMIT,255.46,36,,456,NEW,
457,AAPL,SELL,LIMIT,255.55,78,,457,NEW,
458,AAPL,SELL,LIMIT,255.69,62,,458,NEW,
459,TSLA,BUY,LIMIT,415.86,85,,459,NEW,
460,GOOGL,SELL,LIMIT,305.33,804,,460,NEW,
461,META,BUY,LIMIT,640.33,96,,461,NEW,
462,SPY,BUY,LIMIT,682.24,15,,462,NEW,
463,AAPL,BUY,LIMIT,255.63,85,,463,NEW,
464,META,SELL,LIMIT,640.76,55,,464,NEW,
465,TSLA,BUY,LIMIT,416.19,36,,465,NEW,
466,TSLA,BUY,LIMIT,416.27,20,,466,NEW,
467,GOOGL,SELL,LIMIT,305.33,4,,467,NEW,
468,MSFT,BUY,LIMIT,400.94,51,,468,NEW,
469,SPY,SELL,LIMIT,682.47,23,,469,NEW,
470,MSFT,SELL,LIMIT,401.07,68,,470,NEW,
471,GOOGL,SELL,LIMIT,305.34,6,,471,NEW,
472,GOOGL,SELL,LIMIT,305.36,85,,472,NEW,
473,SPY,SELL,LIMIT,682.22,100,,473,NEW,
474,AAPL,SELL,LIMIT,255.73,58,,474,NEW,
475,MSFT,SELL,LIMIT,400.97,968,,475,NEW,
476,META,BUY,LIMIT,640.6,53,,476,NEW,
477,NVDA,SELL,LIMIT,182.92,69,,477,NEW,
478,GOOGL,BUY,LIMIT,305.13,93,,478,NEW,
479,META,BUY,LIMIT,640.69,71,,479,NEW,
480,AAPL,BUY,LIMIT,255.52,225,,480,NEW,
481,AMZN,BUY,LIMIT,199.49,38,,481,NEW,
482,TSLA,SELL,LIMIT,416.24,65,,482,NEW,
483,SPY,SELL,LIMIT,682.38,48,,483,NEW,
484,MSFT,SELL,LIMIT,401,13,,484,NEW,
485,MSFT,SELL,LIMIT,401,46,,485,NEW,
486,META,BUY,LIMIT,640.48,56,,486,NEW,
487,META,BUY,LIMIT,640.29,57,,487,NEW,
488,TSLA,BUY,LIMIT,415.65,32,,488,NEW,
489,TSLA,SELL,LIMIT,415.69,92,,489,NEW,
490,TSLA,BUY,LIMIT,415.66,34,,490,NEW,
491,AAPL,BUY,LIMIT,255.55,69,,491,NEW,
492,TSLA,SELL,LIMIT,415.86,49,,492,NEW,
493,GOOGL,BUY,LIMIT,305,59,,493,NEW,
494,MSFT,SELL,LIMIT,401.08,9,,494,NEW,
495,SPY,SELL,LIMIT,682.42,10,,495,NEW,
496,NVDA,SELL,LIMIT,183.09,83,,496,NEW,
497,MSFT,BUY,LIMIT,400.98,46,,497,NEW,
498,META,SELL,LIMIT,640.34,56,,498,NEW,
499,AAPL,SELL,LIMIT,255.64,545,,499,NEW,
500,META,SELL,LIMIT,639.95,11,,500,NEW,
501,TSLA,BUY,LIMIT,415.87,44,,501,NEW,
502,MSFT,BUY,LIMIT,401.17,14,,502,NEW,
503,SPY,BUY,LIMIT,682.19,24,,503,NEW,
504,NVDA,BUY,LIMIT,182.91,25,,504,NEW,
505,AMZN,SELL,LIMIT,199.55,32,,505,NEW,
506,NVDA,BUY,LIMIT,182.99,95,,506,NEW,
507,MSFT,SELL,LIMIT,401.3,453,,507,NEW,
508,AAPL,SELL,LIMIT,255.71,28,,508,NEW,
509,MSFT,SELL,LIMIT,401.31,83,,509,NEW,
510,TSLA,BUY,LIMIT,415.75,19,,510,NEW,
511,META,BUY,LIMIT,640.1,61,,511,NEW,
512,TSLA,BUY,LIMIT,415.89,52,,512,NEW,
513,TSLA,BUY,LIMIT,415.79,67,,513,NEW,
514,NVDA,BUY,LIMIT,183.07,47,,514,NEW,
515,GOOGL,SELL,LIMIT,305.25,44,,515,NEW,
516,SPY,SELL,LIMIT,682.44,82,,516,NEW,
517,AAPL,SELL,LIMIT,255.85,74,,517,NEW,
518,AMZN,SELL,LIMIT,199.53,9,,518,NEW,
519,AMZN,BUY,LIMIT,199.38,44,,519,NEW,
520,NVDA,SELL,LIMIT,183.08,81,,520,NEW,
521,GOOGL,SELL,LIMIT,305.24,50,,521,NEW,
522,GOOGL,SELL,LIMIT,305.21,78,,522,NEW,
523,SPY,SELL,LIMIT,682.38,874,,523,NEW,
524,GOOGL,SELL,LIMIT,305.2,16,,524,NEW,
525,META,SELL,LIMIT,640.43,56,,525,NEW,
526,GOOGL,BUY,LIMIT,305.2,48,,526,NEW,
527,MSFT,SELL,LIMIT,401.2,89,,527,NEW,
528,SPY,SELL,LIMIT,682.31,61,,528,NEW,
529,AMZN,SELL,LIMIT,199.54,7,,529,NEW,
530,META,SELL,LIMIT,640.45,91,,530,NEW,
531,TSLA,SELL,LIMIT,415.92,719,,531,NEW,
532,GOOGL,SELL,LIMIT,305.3,66,,532,NEW,
533,NVDA,BUY,LIMIT,182.91,34,,533,NEW,
534,SPY,BUY,LIMIT,682.14,62,,534,NEW,
535,META,BUY,LIMIT,639.89,79,,535,NEW,
536,AAPL,BUY,LIMIT,255.83,25,,536,NEW,
537,AMZN,BUY,LIMIT,199.44,28,,537,NEW,
538,AMZN,BUY,LIMIT,199.33,3,,538,NEW,
539,AAPL,SELL,LIMIT,256,84,,539,NEW,
540,MSFT,SELL,LIMIT,401.16,19,,540,NEW,
541,META,BUY,LIMIT,640,3,,541,NEW,
542,AAPL,SELL,LIMIT,256.1,34,,542,NEW,
543,SPY,SELL,LIMIT,682.71,67,,543,NEW,
544,NVDA,SELL,LIMIT,182.94,93,,544,NEW,
545,AAPL,SELL,LIMIT,256.02,23,,545,NEW,
546,AAPL,BUY,LIMIT,255.95,64,,546,NEW,
547,AMZN,BUY,LIMIT,199.32,75,,547,NEW,
548,TSLA,SELL,LIMIT,416.06,74,,548,NEW,
549,AMZN,BUY,LIMIT,199.39,947,,549,NEW,
550,AAPL,BUY,LIMIT,255.96,922,,550,NEW,
551,GOOGL,SELL,LIMIT,305.35,90,,551,NEW,
552,AAPL,SELL,LIMIT,256.05,17,,552,NEW,
553,TSLA,SELL,LIMIT,416.04,63,,553,NEW,
554,AAPL,BUY,LIMIT,256.03,50,,554,NEW,
555,SPY,BUY,LIMIT,682.37,64,,555,NEW,
556,TSLA,SELL,LIMIT,415.79,91,,556,NEW,
557,SPY,BUY,LIMIT,682.41,9,,557,NEW,
558,META,SELL,LIMIT,640.43,52,,558,NEW,
559,MSFT,BUY,LIMIT,401.06,31,,559,NEW,
560,MSFT,BUY,LIMIT,401.08,89,,560,NEW,
561,SPY,SELL,LIMIT,682.71,88,,561,NEW,
562,AAPL,BUY,LIMIT,255.98,16,,562,NEW,
563,GOOGL,BUY,LIMIT,305.32,71,,563,NEW,
564,GOOGL,SELL,LIMIT,305.52,83,,564,NEW,
565,GOOGL,SELL,LIMIT,305.48,862,,565,NEW,
566,META,BUY,LIMIT,640.24,72,,566,NEW,
567,GOOGL,SELL,LIMIT,305.4,15,,567,NEW,
568,GOOGL,BUY,LIMIT,305.31,83,,568,NEW,
569,NVDA,SELL,LIMIT,182.88,56,,569,NEW,
570,SPY,SELL,LIMIT,682.71,13,,570,NEW,
571,NVDA,BUY,LIMIT,182.73,215,,571,NEW,
572,AAPL,BUY,LIMIT,255.98,276,,572,NEW,
573,TSLA,SELL,LIMIT,415.73,25,,573,NEW,
574,GOOGL,BUY,LIMIT,305.39,49,,574,NEW,
575,GOOGL,BUY,LIMIT,305.38,65,,575,NEW,
576,GOOGL,SELL,LIMIT,305.45,15,,576,NEW,
577,AAPL,BUY,LIMIT,256,47,,577,NEW,
578,MSFT,SELL,LIMIT,401.2,523,,578,NEW,
579,AAPL,SELL,LIMIT,256.03,76,,579,NEW,
580,AMZN,SELL,LIMIT,199.37,4,,580,NEW,
581,TSLA,SELL,LIMIT,415.58,86,,581,NEW,
582,AAPL,SELL,LIMIT,255.97,30,,582,NEW,
583,NVDA,SELL,LIMIT,182.82,54,,583,NEW,
584,MSFT,BUY,LIMIT,401.06,91,,584,NEW,
585,SPY,SELL,LIMIT,682.68,436,,585,NEW,
586,NVDA,BUY,LIMIT,182.73,7,,586,NEW,
587,AAPL,SELL,LIMIT,256.06,57,,587,NEW,
588,GOOGL,BUY,LIMIT,305.45,34,,588,NEW,
589,GOOGL,BUY,LIMIT,305.4,100,,589,NEW,
590,MSFT,SELL,LIMIT,401.18,13,,590,NEW,
591,AAPL,BUY,LIMIT,256.03,41,,591,NEW,
592,MSFT,BUY,LIMIT,401.06,62,,592,NEW,
593,AAPL,SELL,LIMIT,256.09,52,,593,NEW,
594,META,SELL,LIMIT,640.4,89,,594,NEW,
595,MSFT,SELL,LIMIT,401.24,62,,595,NEW,
596,TSLA,BUY,LIMIT,415.72,15,,596,NEW,
597,META,BUY,LIMIT,640.07,574,,597,NEW,
598,SPY,BUY,LIMIT,682.63,23,,598,NEW,
599,META,BUY,LIMIT,639.83,21,,599,NEW,
600,GOOGL,BUY,LIMIT,305.55,86,,600,NEW,
601,GOOGL,SELL,LIMIT,305.61,26,,601,NEW,
602,GOOGL,BUY,LIMIT,305.4,94,,602,NEW,
603,NVDA,SELL,LIMIT,182.74,59,,603,NEW,
604,MSFT,BUY,LIMIT,401.08,29,,604,NEW,
605,NVDA,BUY,LIMIT,182.74,87,,605,NEW,
606,MSFT,SELL,LIMIT,401.31,46,,606,NEW,
607,AMZN,BUY,LIMIT,199.25,9,,607,NEW,
608,MSFT,SELL,LIMIT,401.36,12,,608,NEW,
609,GOOGL,SELL,LIMIT,305.44,221,,609,NEW,
610,SPY,BUY,LIMIT,682.8,54,,610,NEW,
611,NVDA,BUY,LIMIT,182.83,46,,611,NEW,
612,AAPL,BUY,LIMIT,255.9,9,,612,NEW,
613,META,BUY,LIMIT,640.17,765,,613,NEW,
614,NVDA,BUY,LIMIT,183.02,11,,614,NEW,
615,AMZN,SELL,LIMIT,199.31,69,,615,NEW,
616,TSLA,BUY,LIMIT,415.49,73,,616,NEW,
617,SPY,BUY,LIMIT,682.94,6,,617,NEW,
618,META,SELL,LIMIT,640.32,67,,618,NEW,
619,GOOGL,SELL,LIMIT,305.46,93,,619,NEW,
620,AMZN,BUY,LIMIT,199.31,65,,620,NEW,
621,TSLA,SELL,LIMIT,415.63,29,,621,NEW,
622,MSFT,BUY,LIMIT,401.25,24,,622,NEW,
623,GOOGL,SELL,LIMIT,305.4,79,,623,NEW,
624,NVDA,SELL,LIMIT,183.11,73,,624,NEW,
625,GOOGL,SELL,LIMIT,305.34,310,,625,NEW,
626,AAPL,SELL,LIMIT,256.06,6,,626,NEW,
627,GOOGL,SELL,LIMIT,305.35,38,,627,NEW,
628,AMZN,SELL,LIMIT,199.33,28,,628,NEW,
629,SPY,SELL,LIMIT,683.11,93,,629,NEW,
630,NVDA,SELL,LIMIT,183.26,69,,630,NEW,
631,AAPL,BUY,LIMIT,256.01,889,,631,NEW,
632,AAPL,SELL,LIMIT,256.09,746,,632,NEW,
633,AAPL,SELL,LIMIT,256.1,90,,633,NEW,
634,NVDA,SELL,LIMIT,183.24,62,,634,NEW,
635,NVDA,BUY,LIMIT,183.17,100,,635,NEW,
636,AMZN,BUY,LIMIT,199.29,90,,636,NEW,
637,GOOGL,SELL,LIMIT,305.29,46,,637,NEW,
638,SPY,BUY,LIMIT,682.73,56,,638,NEW,
639,SPY,BUY,LIMIT,682.64,22,,639,NEW,
640,AMZN,SELL,LIMIT,199.37,62,,640,NEW,
641,META,BUY,LIMIT,640.18,64,,641,NEW,
642,AAPL,BUY,LIMIT,256.01,100,,642,NEW,
643,AMZN,SELL,LIMIT,199.43,65,,643,NEW,
644,META,SELL,LIMIT,640.46,25,,644,NEW,
645,MSFT,BUY,LIMIT,401.18,81,,645,NEW,
646,AAPL,SELL,LIMIT,256.14,31,,646,NEW,
647,TSLA,BUY,LIMIT,415.53,19,,647,NEW,
648,NVDA,SELL,LIMIT,183.26,53,,648,NEW,
649,GOOGL,SELL,LIMIT,305.31,853,,649,NEW,
650,TSLA,BUY,LIMIT,415.8,39,,650,NEW,
651,MSFT,SELL,LIMIT,401.29,96,,651,NEW,
652,SPY,SELL,LIMIT,682.85,73,,652,NEW,
653,GOOGL,BUY,LIMIT,305.13,28,,653,NEW,
654,NVDA,SELL,LIMIT,183.08,10,,654,NEW,
655,NVDA,BUY,LIMIT,183.13,92,,655,NEW,
656,MSFT,SELL,LIMIT,401.33,73,,656,NEW,
657,MSFT,BUY,LIMIT,401.07,41,,657,NEW,
658,AMZN,SELL,LIMIT,199.46,614,,658,NEW,
659,MSFT,BUY,LIMIT,401.1,30,,659,NEW,
660,NVDA,SELL,LIMIT,183.16,77,,660,NEW,
661,MSFT,SELL,LIMIT,401.44,41,,661,NEW,
662,TSLA,SELL,LIMIT,416.19,4,,662,NEW,
663,MSFT,BUY,LIMIT,401.34,35,,663,NEW,
664,GOOGL,SELL,LIMIT,305.22,57,,664,NEW,
665,META,SELL,LIMIT,640.44,86,,665,NEW,
666,TSLA,SELL,LIMIT,416.05,63,,666,NEW,
667,AMZN,BUY,LIMIT,199.34,83,,667,NEW,
668,SPY,BUY,LIMIT,682.68,4,,668,NEW,
669,GOOGL,SELL,LIMIT,305.05,88,,669,NEW,
670,AMZN,BUY,LIMIT,199.36,75,,670,NEW,
671,AMZN,SELL,LIMIT,199.41,29,,671,NEW,
672,AMZN,BUY,LIMIT,199.32,51,,672,NEW,
673,GOOGL,SELL,LIMIT,305.08,42,,673,NEW,
674,GOOGL,BUY,LIMIT,305.03,68,,674,NEW,
675,NVDA,SELL,LIMIT,183.16,56,,675,NEW,
676,AAPL,SELL,LIMIT,256.1,13,,676,NEW,
677,MSFT,BUY,LIMIT,401.42,84,,677,NEW,
678,GOOGL,BUY,LIMIT,305.11,478,,678,NEW,
679,SPY,SELL,LIMIT,682.83,471,,679,NEW,
680,NVDA,BUY,LIMIT,183.13,227,,680,NEW,
681,MSFT,SELL,LIMIT,401.71,23,,681,NEW,
682,NVDA,SELL,LIMIT,183.09,35,,682,NEW,
683,AMZN,BUY,LIMIT,199.34,46,,683,NEW,
684,MSFT,BUY,LIMIT,401.57,288,,684,NEW,
685,MSFT,BUY,LIMIT,401.46,26,,685,NEW,
686,TSLA,SELL,LIMIT,416.29,28,,686,NEW,
687,NVDA,BUY,LIMIT,182.9,12,,687,NEW,
688,AAPL,BUY,LIMIT,255.98,35,,688,NEW,
689,AMZN,BUY,LIMIT,199.32,31,,689,NEW,
690,AMZN,BUY,LIMIT,199.32,5,,690,NEW,
691,AAPL,BUY,LIMIT,255.93,92,,691,NEW,
692,AMZN,SELL,LIMIT,199.33,87,,692,NEW,
693,META,SELL,LIMIT,639.99,18,,693,NEW,
694,META,BUY,LIMIT,639.56,64,,694,NEW,
695,MSFT,SELL,LIMIT,401.4,96,,695,NEW,
696,AMZN,BUY,LIMIT,199.28,33,,696,NEW,
697,TSLA,SELL,LIMIT,416.08,57,,697,NEW,
698,AAPL,SELL,LIMIT,256.06,19,,698,NEW,
699,META,BUY,LIMIT,639.63,63,,699,NEW,
700,AAPL,BUY,LIMIT,255.95,61,,700,NEW,
701,AAPL,SELL,LIMIT,256.03,23,,701,NEW,
702,GOOGL,SELL,LIMIT,305.21,59,,702,NEW,
703,SPY,BUY,LIMIT,682.46,74,,703,NEW,
704,GOOGL,SELL,LIMIT,305.25,89,,704,NEW,
705,GOOGL,SELL,LIMIT,305.25,47,,705,NEW,
706,AAPL,BUY,LIMIT,255.91,81,,706,NEW,
707,TSLA,SELL,LIMIT,416.21,37,,707,NEW,
708,TSLA,BUY,LIMIT,415.79,43,,708,NEW,
709,MSFT,BUY,LIMIT,401.25,89,,709,NEW,
710,NVDA,SELL,LIMIT,182.91,6,,710,NEW,
711,MSFT,SELL,LIMIT,401.38,97,,711,NEW,
712,MSFT,BUY,LIMIT,401.26,65,,712,NEW,
713,NVDA,BUY,LIMIT,182.87,12,,713,NEW,
714,TSLA,BUY,LIMIT,415.87,50,,714,NEW,
715,TSLA,SELL,LIMIT,416.02,399,,715,NEW,
716,GOOGL,BUY,LIMIT,305.27,92,,716,NEW,
717,NVDA,BUY,LIMIT,182.9,76,,717,NEW,
718,TSLA,SELL,LIMIT,415.97,75,,718,NEW,
719,GOOGL,BUY,LIMIT,305.32,23,,719,NEW,
720,TSLA,SELL,LIMIT,416.12,95,,720,NEW,
721,SPY,SELL,LIMIT,682.95,50,,721,NEW,
722,MSFT,BUY,LIMIT,401.39,44,,722,NEW,
723,NVDA,BUY,LIMIT,182.87,64,,723,NEW,
724,SPY,BUY,LIMIT,682.73,13,,724,NEW,
725,GOOGL,BUY,LIMIT,305.39,15,,725,NEW,
726,NVDA,SELL,LIMIT,182.87,77,,726,NEW,
727,MSFT,SELL,LIMIT,401.6,2,,727,NEW,
728,AMZN,SELL,LIMIT,199.36,48,,728,NEW,
729,NVDA,SELL,LIMIT,182.73,94,,729,NEW,
730,AAPL,BUY,LIMIT,255.9,91,,730,NEW,
731,TSLA,BUY,LIMIT,416.3,86,,731,NEW,
732,AAPL,BUY,LIMIT,256.03,82,,732,NEW,
733,TSLA,SELL,LIMIT,416.38,13,,733,NEW,
734,AMZN,SELL,LIMIT,199.34,349,,734,NEW,
735,SPY,BUY,LIMIT,682.73,51,,735,NEW,
736,META,SELL,LIMIT,640.35,74,,736,NEW,
737,SPY,BUY,LIMIT,682.64,38,,737,NEW,
738,TSLA,BUY,LIMIT,416.27,94,,738,NEW,
739,AMZN,BUY,LIMIT,199.23,52,,739,NEW,
740,MSFT,BUY,LIMIT,401.41,79,,740,NEW,
741,NVDA,SELL,LIMIT,182.54,26,,741,NEW,
742,MSFT,SELL,LIMIT,401.48,67,,742,NEW,
743,SPY,BUY,LIMIT,682.48,721,,743,NEW,
744,AMZN,SELL,LIMIT,199.32,85,,744,NEW,
745,AMZN,BUY,LIMIT,199.24,90,,745,NEW,
746,AMZN,BUY,LIMIT,199.2,25,,746,NEW,
747,SPY,BUY,LIMIT,682.66,3,,747,NEW,
748,META,SELL,LIMIT,640.11,95,,748,NEW,
749,NVDA,SELL,LIMIT,182.45,45,,749,NEW,
750,NVDA,BUY,LIMIT,182.47,52,,750,NEW,
751,GOOGL,SELL,LIMIT,305.48,679,,751,NEW,
752,AMZN,SELL,LIMIT,199.24,27,,752,NEW,
753,TSLA,BUY,LIMIT,416.18,88,,753,NEW,
754,AAPL,SELL,LIMIT,256.07,26,,754,NEW,
755,AMZN,SELL,LIMIT,199.35,47,,755,NEW,
756,SPY,SELL,LIMIT,682.94,18,,756,NEW,
757,META,BUY,LIMIT,639.95,62,,757,NEW,
758,AAPL,SELL,LIMIT,256.11,52,,758,NEW,
759,AAPL,BUY,LIMIT,256.15,35,,759,NEW,
760,GOOGL,BUY,LIMIT,305.4,51,,760,NEW,
761,AMZN,SELL,LIMIT,199.37,49,,761,NEW,
762,AMZN,BUY,LIMIT,199.26,48,,762,NEW,
763,MSFT,BUY,LIMIT,401.47,98,,763,NEW,
764,GOOGL,SELL,LIMIT,305.49,66,,764,NEW,
765,META,BUY,LIMIT,639.88,20,,765,NEW,
766,AMZN,BUY,LIMIT,199.27,70,,766,NEW,
767,GOOGL,BUY,LIMIT,305.23,9,,767,NEW,
768,GOOGL,BUY,LIMIT,305.1,89,,768,NEW,
769,TSLA,SELL,LIMIT,416.29,51,,769,NEW,
770,AAPL,BUY,LIMIT,256.23,69,,770,NEW,
771,SPY,SELL,LIMIT,682.88,67,,771,NEW,
772,SPY,SELL,LIMIT,682.67,91,,772,NEW,
773,AAPL,BUY,LIMIT,256.29,85,,773,NEW,
774,AMZN,BUY,LIMIT,199.29,66,,774,NEW,
775,NVDA,BUY,LIMIT,182.44,63,,775,NEW,
776,AMZN,SELL,LIMIT,199.36,40,,776,NEW,
777,NVDA,SELL,LIMIT,182.51,71,,777,NEW,
778,AAPL,BUY,LIMIT,256.24,73,,778,NEW,
779,MSFT,SELL,LIMIT,401.9,60,,779,NEW,
780,NVDA,BUY,LIMIT,182.38,40,,780,NEW,
781,MSFT,BUY,LIMIT,401.76,62,,781,NEW,
782,AMZN,SELL,LIMIT,199.39,90,,782,NEW,
783,SPY,BUY,LIMIT,682.43,506,,783,NEW,
784,MSFT,BUY,LIMIT,401.83,20,,784,NEW,
785,AMZN,SELL,LIMIT,199.33,72,,785,NEW,
786,SPY,BUY,LIMIT,682.43,95,,786,NEW,
787,AAPL,SELL,LIMIT,256.4,666,,787,NEW,
788,AMZN,SELL,LIMIT,199.35,8,,788,NEW,
789,MSFT,BUY,LIMIT,401.79,26,,789,NEW,
790,TSLA,BUY,LIMIT,416.18,770,,790,NEW,
791,MSFT,BUY,LIMIT,401.98,39,,791,NEW,
792,GOOGL,BUY,LIMIT,305.09,70,,792,NEW,
793,NVDA,SELL,LIMIT,182.5,6,,793,NEW,
794,AAPL,SELL,LIMIT,256.47,98,,794,NEW,
795,TSLA,SELL,LIMIT,416.33,41,,795,NEW,
796,NVDA,SELL,LIMIT,182.47,23,,796,NEW,
797,META,BUY,LIMIT,640.01,722,,797,NEW,
798,SPY,SELL,LIMIT,682.62,669,,798,NEW,
799,META,SELL,LIMIT,640.4,49,,799,NEW,
800,TSLA,SELL,LIMIT,416.16,201,,800,NEW,
801,META,BUY,LIMIT,640.04,90,,801,NEW,
802,NVDA,BUY,LIMIT,182.42,28,,802,NEW,
803,NVDA,SELL,LIMIT,182.38,17,,803,NEW,
804,AAPL,SELL,LIMIT,256.43,76,,804,NEW,
805,AAPL,SELL,LIMIT,256.36,93,,805,NEW,
806,AMZN,SELL,LIMIT,199.42,819,,806,NEW,
807,AMZN,BUY,LIMIT,199.36,2,,807,NEW,
808,NVDA,SELL,LIMIT,182.45,58,,808,NEW,
809,AMZN,SELL,LIMIT,199.41,64,,809,NEW,
810,NVDA,BUY,LIMIT,182.41,98,,810,NEW,
811,NVDA,BUY,LIMIT,182.42,21,,811,NEW,
812,AAPL,SELL,LIMIT,256.3,85,,812,NEW,
813,AMZN,BUY,LIMIT,199.27,92,,813,NEW,
814,MSFT,BUY,LIMIT,402.16,42,,814,NEW,
815,AMZN,BUY,LIMIT,199.27,41,,815,NEW,
816,MSFT,SELL,LIMIT,402.21,99,,816,NEW,
817,GOOGL,BUY,LIMIT,305.07,75,,817,NEW,
818,MSFT,BUY,LIMIT,402.13,30,,818,NEW,
819,MSFT,SELL,LIMIT,402.24,543,,819,NEW,
820,AMZN,SELL,LIMIT,199.27,24,,820,NEW,
821,AMZN,BUY,LIMIT,199.23,30,,821,NEW,
822,MSFT,BUY,LIMIT,402.17,39,,822,NEW,
823,NVDA,BUY,LIMIT,182.41,62,,823,NEW,
824,AMZN,BUY,LIMIT,199.24,57,,824,NEW,
825,GOOGL,SELL,LIMIT,305.33,77,,825,NEW,
826,META,BUY,LIMIT,640.09,58,,826,NEW,
827,META,SELL,LIMIT,640.25,98,,827,NEW,
828,SPY,SELL,LIMIT,682.6,63,,828,NEW,
829,NVDA,SELL,LIMIT,182.4,63,,829,NEW,
830,AAPL,BUY,LIMIT,256.17,18,,830,NEW,
831,TSLA,SELL,LIMIT,416.19,47,,831,NEW,
832,GOOGL,BUY,LIMIT,305.15,2,,832,NEW,
833,MSFT,SELL,LIMIT,402.29,764,,833,NEW,
834,AAPL,SELL,LIMIT,256.32,41,,834,NEW,
835,NVDA,SELL,LIMIT,182.42,39,,835,NEW,
836,GOOGL,BUY,LIMIT,305.24,70,,836,NEW,
837,MSFT,SELL,LIMIT,402.23,39,,837,NEW,
838,META,BUY,LIMIT,640.05,49,,838,NEW,
839,AMZN,SELL,LIMIT,199.31,27,,839,NEW,
840,NVDA,SELL,LIMIT,182.41,10,,840,NEW,
841,MSFT,BUY,LIMIT,402.06,375,,841,NEW,
842,MSFT,BUY,LIMIT,402.21,231,,842,NEW,
843,AMZN,BUY,LIMIT,199.25,57,,843,NEW,
844,TSLA,BUY,LIMIT,416,20,,844,NEW,
845,GOOGL,BUY,LIMIT,305.25,89,,845,NEW,
846,SPY,BUY,LIMIT,682.3,48,,846,NEW,
847,META,BUY,LIMIT,639.95,63,,847,NEW,
848,TSLA,BUY,LIMIT,416.17,80,,848,NEW,
849,TSLA,SELL,LIMIT,416.54,96,,849,NEW,
850,TSLA,SELL,LIMIT,416.74,10,,850,NEW,
851,SPY,SELL,LIMIT,682.47,80,,851,NEW,
852,GOOGL,BUY,LIMIT,305.13,23,,852,NEW,
853,AAPL,SELL,LIMIT,256.28,63,,853,NEW,
854,MSFT,BUY,LIMIT,402.21,26,,854,NEW,
855,MSFT,SELL,LIMIT,402.44,46,,855,NEW,
856,TSLA,SELL,LIMIT,416.78,20,,856,NEW,
857,GOOGL,SELL,LIMIT,305.23,40,,857,NEW,
858,AAPL,SELL,LIMIT,256.28,93,,858,NEW,
859,GOOGL,SELL,LIMIT,305.18,18,,859,NEW,
860,GOOGL,SELL,LIMIT,305.28,99,,860,NEW,
861,NVDA,BUY,LIMIT,182.4,9,,861,NEW,
862,SPY,BUY,LIMIT,682.3,63,,862,NEW,
863,TSLA,BUY,LIMIT,416.67,6,,863,NEW,
864,AMZN,SELL,LIMIT,199.32,9,,864,NEW,
865,MSFT,BUY,LIMIT,402.31,24,,865,NEW,
866,NVDA,BUY,LIMIT,182.34,40,,866,NEW,
867,AAPL,SELL,LIMIT,256.25,96,,867,NEW,
868,META,SELL,LIMIT,640.18,514,,868,NEW,
869,SPY,BUY,LIMIT,682.45,64,,869,NEW,
870,TSLA,BUY,LIMIT,416.85,6,,870,NEW,
871,GOOGL,SELL,LIMIT,305.33,1,,871,NEW,
872,SPY,SELL,LIMIT,682.62,54,,872,NEW,
873,NVDA,BUY,LIMIT,182.51,99,,873,NEW,
874,GOOGL,SELL,LIMIT,305.26,66,,874,NEW,
875,AAPL,SELL,LIMIT,256.42,328,,875,NEW,
876,AAPL,BUY,LIMIT,256.25,65,,876,NEW,
877,AMZN,BUY,LIMIT,199.36,20,,877,NEW,
878,NVDA,BUY,LIMIT,182.44,214,,878,NEW,
879,TSLA,BUY,LIMIT,416.8,34,,879,NEW,
880,GOOGL,BUY,LIMIT,305.16,22,,880,NEW,
881,MSFT,SELL,LIMIT,402.74,7,,881,NEW,
882,NVDA,BUY,LIMIT,182.41,60,,882,NEW,
883,AMZN,BUY,LIMIT,199.33,84,,883,NEW,
884,SPY,BUY,LIMIT,682.38,45,,884,NEW,
885,META,SELL,LIMIT,640.06,1,,885,NEW,
886,TSLA,SELL,LIMIT,416.99,43,,886,NEW,
887,SPY,SELL,LIMIT,682.66,42,,887,NEW,
888,META,BUY,LIMIT,640.12,47,,888,NEW,
889,GOOGL,BUY,LIMIT,305.21,747,,889,NEW,
890,SPY,BUY,LIMIT,682.61,4,,890,NEW,
891,GOOGL,SELL,LIMIT,305.23,60,,891,NEW,
892,GOOGL,SELL,LIMIT,305.22,37,,892,NEW,
893,NVDA,SELL,LIMIT,182.45,68,,893,NEW,
894,AMZN,BUY,LIMIT,199.32,27,,894,NEW,
895,GOOGL,BUY,LIMIT,305.05,59,,895,NEW,
896,META,SELL,LIMIT,640.6,38,,896,NEW,
897,AAPL,SELL,LIMIT,256.43,53,,897,NEW,
898,GOOGL,SELL,LIMIT,305.17,82,,898,NEW,
899,AMZN,BUY,LIMIT,199.35,26,,899,NEW,
900,META,BUY,LIMIT,640.02,98,,900,NEW,
901,AAPL,SELL,LIMIT,256.47,30,,901,NEW,
902,AMZN,SELL,LIMIT,199.55,73,,902,NEW,
903,AAPL,SELL,LIMIT,256.46,34,,903,NEW,
904,TSLA,BUY,LIMIT,416.87,94,,904,NEW,
905,AMZN,SELL,LIMIT,199.51,76,,905,NEW,
906,AAPL,BUY,LIMIT,256.31,45,,906,NEW,
907,MSFT,SELL,LIMIT,402.71,48,,907,NEW,
908,AMZN,BUY,LIMIT,199.42,41,,908,NEW,
909,MSFT,BUY,LIMIT,402.67,967,,909,NEW,
910,NVDA,BUY,LIMIT,182.31,322,,910,NEW,
911,TSLA,BUY,LIMIT,417,833,,911,NEW,
912,NVDA,SELL,LIMIT,182.43,59,,912,NEW,
913,MSFT,BUY,LIMIT,402.73,48,,913,NEW,
914,AAPL,SELL,LIMIT,256.45,46,,914,NEW,
915,AMZN,BUY,LIMIT,199.38,73,,915,NEW,
916,NVDA,BUY,LIMIT,182.43,62,,916,NEW,
917,AAPL,BUY,LIMIT,256.29,88,,917,NEW,
918,SPY,BUY,LIMIT,682.41,35,,918,NEW,
919,SPY,BUY,LIMIT,682.24,40,,919,NEW,
920,AAPL,SELL,LIMIT,256.41,85,,920,NEW,
921,SPY,BUY,LIMIT,682.37,97,,921,NEW,
922,META,SELL,LIMIT,640.4,25,,922,NEW,
923,SPY,SELL,LIMIT,682.63,33,,923,NEW,
924,NVDA,BUY,LIMIT,182.63,2,,924,NEW,
925,SPY,BUY,LIMIT,682.47,24,,925,NEW,
926,AMZN,SELL,LIMIT,199.42,86,,926,NEW,
927,NVDA,SELL,LIMIT,182.64,81,,927,NEW,
928,AMZN,BUY,LIMIT,199.39,62,,928,NEW,
929,AAPL,BUY,LIMIT,256.3,75,,929,NEW,
930,SPY,BUY,LIMIT,682.48,62,,930,NEW,
931,NVDA,BUY,LIMIT,182.63,44,,931,NEW,
932,META,BUY,LIMIT,640.01,46,,932,NEW,
933,AAPL,BUY,LIMIT,256.29,86,,933,NEW,
934,SPY,SELL,LIMIT,682.84,90,,934,NEW,
935,AAPL,SELL,LIMIT,256.27,9,,935,NEW,
936,GOOGL,SELL,LIMIT,305.21,13,,936,NEW,
937,AAPL,SELL,LIMIT,256.28,16,,937,NEW,
938,NVDA,BUY,LIMIT,182.67,36,,938,NEW,
939,TSLA,SELL,LIMIT,417.33,74,,939,NEW,
940,GOOGL,BUY,LIMIT,305.14,85,,940,NEW,
941,MSFT,SELL,LIMIT,403.02,20,,941,NEW,
942,TSLA,SELL,LIMIT,417.27,52,,942,NEW,
943,AMZN,SELL,LIMIT,199.51,89,,943,NEW,
944,AMZN,SELL,LIMIT,199.49,22,,944,NEW,
945,NVDA,BUY,LIMIT,182.76,54,,945,NEW,
946,GOOGL,SELL,LIMIT,305.27,63,,946,NEW,
947,MSFT,BUY,LIMIT,402.79,15,,947,NEW,
948,MSFT,SELL,LIMIT,402.98,36,,948,NEW,
949,GOOGL,BUY,LIMIT,305.13,94,,949,NEW,
950,META,SELL,LIMIT,640.24,86,,950,NEW,
951,META,SELL,LIMIT,640.16,87,,951,NEW,
952,AAPL,BUY,LIMIT,256.17,359,,952,NEW,
953,NVDA,BUY,LIMIT,182.7,65,,953,NEW,
954,TSLA,SELL,LIMIT,417.32,210,,954,NEW,
955,TSLA,BUY,LIMIT,417.07,987,,955,NEW,
956,NVDA,BUY,LIMIT,182.69,16,,956,NEW,
957,AAPL,BUY,LIMIT,256.15,684,,957,NEW,
958,TSLA,SELL,LIMIT,417.15,6,,958,NEW,
959,GOOGL,BUY,LIMIT,305.2,75,,959,NEW,
960,NVDA,BUY,LIMIT,182.64,11,,960,NEW,
961,META,SELL,LIMIT,639.85,750,,961,NEW,
962,NVDA,SELL,LIMIT,182.7,5,,962,NEW,
963,TSLA,BUY,LIMIT,416.98,60,,963,NEW,
964,TSLA,SELL,LIMIT,417.09,16,,964,NEW,
965,AMZN,BUY,LIMIT,199.37,74,,965,NEW,
966,GOOGL,BUY,LIMIT,305.09,230,,966,NEW,
967,AMZN,BUY,LIMIT,199.4,9,,967,NEW,
968,TSLA,BUY,LIMIT,416.94,338,,968,NEW,
969,MSFT,BUY,LIMIT,402.66,28,,969,NEW,
970,AAPL,BUY,LIMIT,256.17,72,,970,NEW,
971,AAPL,BUY,LIMIT,256.12,89,,971,NEW,
972,META,SELL,LIMIT,639.64,23,,972,NEW,
973,TSLA,BUY,LIMIT,416.66,18,,973,NEW,
974,AAPL,BUY,LIMIT,256.07,6,,974,NEW,
975,AAPL,SELL,LIMIT,256.17,30,,975,NEW,
976,MSFT,SELL,LIMIT,402.82,46,,976,NEW,
977,MSFT,BUY,LIMIT,402.71,96,,977,NEW,
978,TSLA,SELL,LIMIT,416.67,412,,978,NEW,
979,GOOGL,SELL,LIMIT,305.25,89,,979,NEW,
980,AAPL,SELL,LIMIT,256.21,92,,980,NEW,
981,SPY,BUY,LIMIT,682.45,67,,981,NEW,
982,SPY,SELL,LIMIT,682.57,9,,982,NEW,
983,AMZN,SELL,LIMIT,199.46,53,,983,NEW,
984,META,SELL,LIMIT,639.61,34,,984,NEW,
985,SPY,BUY,LIMIT,682.23,99,,985,NEW,
986,AMZN,SELL,LIMIT,199.39,950,,986,NEW,
987,TSLA,BUY,LIMIT,416.39,28,,987,NEW,
988,AAPL,SELL,LIMIT,256.3,81,,988,NEW,
989,AAPL,BUY,LIMIT,256.27,98,,989,NEW,
990,NVDA,SELL,LIMIT,182.79,64,,990,NEW,
991,MSFT,BUY,LIMIT,402.74,61,,991,NEW,
992,AAPL,SELL,LIMIT,256.35,91,,992,NEW,
993,AAPL,BUY,LIMIT,256.22,7,,993,NEW,
994,AAPL,SELL,LIMIT,256.41,44,,994,NEW,
995,MSFT,SELL,LIMIT,402.78,60,,995,NEW,
996,AMZN,BUY,LIMIT,199.32,64,,996,NEW,
997,NVDA,SELL,LIMIT,182.86,89,,997,NEW,
998,GOOGL,BUY,LIMIT,305.22,10,,998,NEW,
999,NVDA,SELL,LIMIT,182.85,29,,999,NEW,
1000,AAPL,SELL,LIMIT,256.36,11,,1000,NEW,
1001,NVDA,SELL,LIMIT,182.91,62,,1001,NEW,
1002,AMZN,SELL,LIMIT,199.43,67,,1002,NEW,
1003,TSLA,SELL,LIMIT,416.63,100,,1003,NEW,
1004,SPY,SELL,LIMIT,682.69,66,,1004,NEW,
1005,AAPL,SELL,LIMIT,256.38,57,,1005,NEW,
1006,META,BUY,LIMIT,639.35,7,,1006,NEW,
1007,AMZN,BUY,LIMIT,199.29,59,,1007,NEW,
1008,TSLA,SELL,LIMIT,416.77,10,,1008,NEW,
1009,AAPL,BUY,LIMIT,256.35,425,,1009,NEW,
1010,MSFT,SELL,LIMIT,402.86,37,,1010,NEW,
1011,AAPL,BUY,LIMIT,256.28,98,,1011,NEW,
1012,NVDA,SELL,LIMIT,182.77,84,,1012,NEW,
1013,NVDA,BUY,LIMIT,182.62,72,,1013,NEW,
1014,AMZN,BUY,LIMIT,199.33,44,,1014,NEW,
1015,NVDA,SELL,LIMIT,182.75,17,,1015,NEW,
1016,AAPL,SELL,LIMIT,256.46,9,,1016,NEW,
1017,AAPL,BUY,LIMIT,256.34,27,,1017,NEW,
1018,AMZN,SELL,LIMIT,199.38,2,,1018,NEW,
1019,NVDA,SELL,LIMIT,182.77,320,,1019,NEW,
1020,TSLA,SELL,LIMIT,416.86,87,,1020,NEW,
1021,TSLA,BUY,LIMIT,416.83,204,,1021,NEW,
1022,AAPL,SELL,LIMIT,256.46,54,,1022,NEW,
1023,GOOGL,BUY,LIMIT,305.26,25,,1023,NEW,
1024,AMZN,SELL,LIMIT,199.4,838,,1024,NEW,
1025,SPY,SELL,LIMIT,682.86,95,,1025,NEW,
1026,MSFT,SELL,LIMIT,402.92,74,,1026,NEW,
1027,MSFT,BUY,LIMIT,402.89,90,,1027,NEW,
1028,NVDA,SELL,LIMIT,182.82,76,,1028,NEW,
1029,AAPL,BUY,LIMIT,256.39,211,,1029,NEW,
1030,NVDA,BUY,LIMIT,182.84,20,,1030,NEW,
1031,NVDA,BUY,LIMIT,182.81,68,,1031,NEW,
1032,AAPL,BUY,LIMIT,256.33,4,,1032,NEW,
1033,META,BUY,LIMIT,639.23,523,,1033,NEW,
1034,TSLA,BUY,LIMIT,416.91,83,,1034,NEW,
1035,MSFT,SELL,LIMIT,402.92,40,,1035,NEW,
1036,MSFT,BUY,LIMIT,402.69,80,,1036,NEW,
1037,AMZN,BUY,LIMIT,199.33,76,,1037,NEW,
1038,META,BUY,LIMIT,638.89,7,,1038,NEW,
1039,AAPL,BUY,LIMIT,256.3,82,,1039,NEW,
1040,SPY,BUY,LIMIT,682.55,5,,1040,NEW,
1041,SPY,SELL,LIMIT,682.8,28,,1041,NEW,
1042,AMZN,BUY,LIMIT,199.34,27,,1042,NEW,
1043,NVDA,BUY,LIMIT,182.78,52,,1043,NEW,
1044,TSLA,SELL,LIMIT,416.92,38,,1044,NEW,
1045,MSFT,BUY,LIMIT,402.79,6,,1045,NEW,
1046,AMZN,SELL,LIMIT,199.38,53,,1046,NEW,
1047,GOOGL,BUY,LIMIT,305.19,50,,1047,NEW,
1048,MSFT,SELL,LIMIT,403.09,49,,1048,NEW,
1049,GOOGL,SELL,LIMIT,305.27,42,,1049,NEW,
1050,META,BUY,LIMIT,638.3,8,,1050,NEW,
1051,AMZN,SELL,LIMIT,199.32,13,,1051,NEW,
1052,TSLA,BUY,LIMIT,416.84,47,,1052,NEW,
1053,AAPL,BUY,LIMIT,256.35,89,,1053,NEW,
1054,MSFT,BUY,LIMIT,403.05,1,,1054,NEW,
1055,AAPL,SELL,LIMIT,256.5,448,,1055,NEW,
1056,SPY,SELL,LIMIT,682.93,20,,1056,NEW,
1057,AAPL,BUY,LIMIT,256.25,27,,1057,NEW,
1058,MSFT,BUY,LIMIT,402.97,82,,1058,NEW,
1059,AAPL,SELL,LIMIT,256.28,44,,1059,NEW,
1060,SPY,BUY,LIMIT,682.62,93,,1060,NEW,
1061,SPY,SELL,LIMIT,683.04,95,,1061,NEW,
1062,NVDA,BUY,LIMIT,182.77,24,,1062,NEW,
1063,AMZN,SELL,LIMIT,199.3,49,,1063,NEW,
1064,SPY,BUY,LIMIT,682.71,39,,1064,NEW,
1065,SPY,BUY,LIMIT,682.99,39,,1065,NEW,
1066,GOOGL,SELL,LIMIT,305.35,79,,1066,NEW,
1067,AMZN,BUY,LIMIT,199.26,53,,1067,NEW,
1068,MSFT,SELL,LIMIT,403.23,53,,1068,NEW,
1069,MSFT,BUY,LIMIT,403.14,15,,1069,NEW,
1070,SPY,SELL,LIMIT,683.21,57,,1070,NEW,
1071,AMZN,SELL,LIMIT,199.36,97,,1071,NEW,
1072,TSLA,SELL,LIMIT,417.07,91,,1072,NEW,
1073,TSLA,SELL,LIMIT,416.99,24,,1073,NEW,
1074,AAPL,SELL,LIMIT,256.22,13,,1074,NEW,
1075,AAPL,SELL,LIMIT,256.23,24,,1075,NEW,
1076,MSFT,SELL,LIMIT,403.22,4,,1076,NEW,
1077,NVDA,SELL,LIMIT,182.77,86,,1077,NEW,
1078,META,BUY,LIMIT,637.96,35,,1078,NEW,
1079,META,BUY,LIMIT,638.18,64,,1079,NEW,
1080,SPY,BUY,LIMIT,682.92,421,,1080,NEW,
1081,AAPL,BUY,LIMIT,256.19,877,,1081,NEW,
1082,AAPL,SELL,LIMIT,256.36,73,,1082,NEW,
1083,AMZN,SELL,LIMIT,199.33,7,,1083,NEW,
1084,NVDA,BUY,LIMIT,182.64,73,,1084,NEW,
1085,NVDA,SELL,LIMIT,182.78,737,,1085,NEW,
1086,AAPL,BUY,LIMIT,256.34,69,,1086,NEW,
1087,AMZN,SELL,LIMIT,199.26,28,,1087,NEW,
1088,AMZN,SELL,LIMIT,199.2,38,,1088,NEW,
1089,NVDA,BUY,LIMIT,182.79,56,,1089,NEW,
1090,GOOGL,SELL,LIMIT,305.39,66,,1090,NEW,
1091,META,BUY,LIMIT,638.08,46,,1091,NEW,
1092,AMZN,SELL,LIMIT,199.2,61,,1092,NEW,
1093,AMZN,BUY,LIMIT,199.17,24,,1093,NEW,
1094,GOOGL,SELL,LIMIT,305.41,99,,1094,NEW,
1095,AAPL,SELL,LIMIT,256.48,87,,1095,NEW,
1096,TSLA,BUY,LIMIT,416.98,48,,1096,NEW,
1097,MSFT,SELL,LIMIT,403.25,13,,1097,NEW,
1098,TSLA,SELL,LIMIT,417.17,33,,1098,NEW,
1099,MSFT,SELL,LIMIT,403.28,72,,1099,NEW,
1100,TSLA,SELL,LIMIT,417,79,,1100,NEW,
1101,SPY,SELL,LIMIT,683.09,21,,1101,NEW,
1102,NVDA,BUY,LIMIT,182.87,2,,1102,NEW,
1103,TSLA,BUY,LIMIT,416.89,82,,1103,NEW,
1104,MSFT,SELL,LIMIT,403.26,59,,1104,NEW,
1105,TSLA,BUY,LIMIT,417.07,30,,1105,NEW,
1106,AAPL,BUY,LIMIT,256.38,35,,1106,NEW,
1107,AAPL,SELL,LIMIT,256.58,209,,1107,NEW,
1108,GOOGL,BUY,LIMIT,305.28,18,,1108,NEW,
1109,META,SELL,LIMIT,638.19,17,,1109,NEW,
1110,NVDA,BUY,LIMIT,182.94,35,,1110,NEW,
1111,SPY,BUY,LIMIT,682.99,77,,1111,NEW,
1112,META,SELL,LIMIT,638.27,37,,1112,NEW,
1113,NVDA,SELL,LIMIT,183.09,6,,1113,NEW,
1114,META,BUY,LIMIT,638.17,44,,1114,NEW,
1115,GOOGL,BUY,LIMIT,305.18,90,,1115,NEW,
1116,NVDA,SELL,LIMIT,183.19,30,,1116,NEW,
1117,NVDA,SELL,LIMIT,183.22,8,,1117,NEW,
1118,SPY,BUY,LIMIT,682.96,84,,1118,NEW,
1119,META,SELL,LIMIT,638.53,99,,1119,NEW,
1120,TSLA,BUY,LIMIT,417.18,23,,1120,NEW,
1121,AAPL,SELL,LIMIT,256.57,817,,1121,NEW,
1122,AAPL,SELL,LIMIT,256.63,17,,1122,NEW,
1123,AMZN,SELL,LIMIT,199.29,12,,1123,NEW,
1124,NVDA,BUY,LIMIT,183.06,30,,1124,NEW,
1125,AAPL,SELL,LIMIT,256.59,64,,1125,NEW,
1126,NVDA,SELL,LIMIT,183.12,1,,1126,NEW,
1127,MSFT,SELL,LIMIT,403.15,350,,1127,NEW,
1128,AAPL,SELL,LIMIT,256.68,26,,1128,NEW,
1129,GOOGL,SELL,LIMIT,305.31,69,,1129,NEW,
1130,META,BUY,LIMIT,638.42,22,,1130,NEW,
1131,MSFT,BUY,LIMIT,402.9,96,,1131,NEW,
1132,META,SELL,LIMIT,638.75,63,,1132,NEW,
1133,AMZN,BUY,LIMIT,199.22,29,,1133,NEW,
1134,MSFT,SELL,LIMIT,403.07,743,,1134,NEW,
1135,MSFT,BUY,LIMIT,402.92,699,,1135,NEW,
1136,NVDA,BUY,LIMIT,183.08,66,,1136,NEW,
1137,MSFT,SELL,LIMIT,403.13,55,,1137,NEW,
1138,SPY,SELL,LIMIT,683.28,18,,1138,NEW,
1139,NVDA,BUY,LIMIT,183.06,77,,1139,NEW,
1140,NVDA,BUY,LIMIT,183.07,17,,1140,NEW,
1141,TSLA,BUY,LIMIT,417.16,225,,1141,NEW,
1142,SPY,BUY,LIMIT,682.86,4,,1142,NEW,
1143,SPY,SELL,LIMIT,683.09,68,,1143,NEW,
1144,AAPL,BUY,LIMIT,256.73,98,,1144,NEW,
1145,SPY,BUY,LIMIT,683.06,15,,1145,NEW,
1146,AMZN,SELL,LIMIT,199.28,683,,1146,NEW,
1147,NVDA,BUY,LIMIT,183.08,75,,1147,NEW,
1148,SPY,BUY,LIMIT,683.07,28,,1148,NEW,
1149,AAPL,BUY,LIMIT,256.69,97,,1149,NEW,
1150,GOOGL,BUY,LIMIT,305.14,91,,1150,NEW,
1151,MSFT,SELL,LIMIT,403.14,100,,1151,NEW,
1152,SPY,BUY,LIMIT,683.12,73,,1152,NEW,
1153,META,BUY,LIMIT,638.44,32,,1153,NEW,
1154,AMZN,BUY,LIMIT,199.2,33,,1154,NEW,
1155,GOOGL,BUY,LIMIT,304.93,515,,1155,NEW,
1156,AMZN,SELL,LIMIT,199.31,61,,1156,NEW,
1157,AAPL,BUY,LIMIT,256.58,868,,1157,NEW,
1158,GOOGL,BUY,LIMIT,304.89,61,,1158,NEW,
1159,SPY,SELL,LIMIT,683.34,97,,1159,NEW,
1160,TSLA,SELL,LIMIT,417.08,64,,1160,NEW,
1161,AAPL,SELL,LIMIT,256.76,20,,1161,NEW,
1162,NVDA,BUY,LIMIT,183.05,38,,1162,NEW,
1163,AMZN,BUY,LIMIT,199.18,65,,1163,NEW,
1164,TSLA,BUY,LIMIT,416.91,8,,1164,NEW,
1165,MSFT,SELL,LIMIT,403.04,660,,1165,NEW,
1166,AMZN,BUY,LIMIT,199.14,84,,1166,NEW,
1167,GOOGL,BUY,LIMIT,304.85,44,,1167,NEW,
1168,META,SELL,LIMIT,638.78,12,,1168,NEW,
1169,SPY,BUY,LIMIT,682.94,616,,1169,NEW,
1170,TSLA,SELL,LIMIT,417.11,45,,1170,NEW,
1171,NVDA,BUY,LIMIT,183,17,,1171,NEW,
1172,SPY,SELL,LIMIT,683.12,54,,1172,NEW,
1173,MSFT,BUY,LIMIT,402.92,38,,1173,NEW,
1174,AAPL,BUY,LIMIT,256.65,88,,1174,NEW,
1175,AMZN,BUY,LIMIT,199.11,20,,1175,NEW,
1176,MSFT,BUY,LIMIT,403.01,12,,1176,NEW,
1177,AAPL,SELL,LIMIT,256.76,11,,1177,NEW,
1178,AAPL,BUY,LIMIT,256.55,72,,1178,NEW,
1179,AAPL,SELL,LIMIT,256.79,92,,1179,NEW,
1180,AMZN,BUY,LIMIT,199.18,86,,1180,NEW,
1181,AMZN,BUY,LIMIT,199.29,31,,1181,NEW,
1182,SPY,BUY,LIMIT,682.81,78,,1182,NEW,
1183,AAPL,BUY,LIMIT,256.82,24,,1183,NEW,
1184,AMZN,BUY,LIMIT,199.25,48,,1184,NEW,
1185,GOOGL,BUY,LIMIT,304.8,45,,1185,NEW,
1186,NVDA,BUY,LIMIT,182.98,4,,1186,NEW,
1187,SPY,BUY,LIMIT,682.78,37,,1187,NEW,
1188,GOOGL,SELL,LIMIT,305.02,100,,1188,NEW,
1189,META,BUY,LIMIT,638.38,695,,1189,NEW,
1190,NVDA,BUY,LIMIT,183.04,53,,1190,NEW,
1191,TSLA,SELL,LIMIT,417.37,85,,1191,NEW,
1192,AMZN,SELL,LIMIT,199.33,3,,1192,NEW,
1193,AAPL,BUY,LIMIT,256.91,93,,1193,NEW,
1194,SPY,SELL,LIMIT,683.03,57,,1194,NEW,
1195,MSFT,SELL,LIMIT,402.94,10,,1195,NEW,
1196,NVDA,BUY,LIMIT,183.11,24,,1196,NEW,
1197,GOOGL,SELL,LIMIT,304.92,49,,1197,NEW,
1198,TSLA,SELL,LIMIT,417.31,39,,1198,NEW,
1199,AAPL,SELL,LIMIT,256.98,34,,1199,NEW,
1200,MSFT,SELL,LIMIT,402.86,62,,1200,NEW,
1201,SPY,BUY,LIMIT,682.72,73,,1201,NEW,
1202,TSLA,BUY,LIMIT,417.36,99,,1202,NEW,
1203,GOOGL,SELL,FOK,305.04,6,,1203,NEW,
1204,GOOGL,,,,,,,CANCEL,653
1205,MSFT,BUY,LIMIT,402.73,246,,1204,NEW,
1206,TSLA,,,,,,,CANCEL,388
1207,AMZN,BUY,LIMIT,199.29,23,,1205,NEW,
1208,NVDA,BUY,LIMIT,183.18,15,,1206,NEW,
1209,AMZN,,,,,,,CANCEL,324
1210,NVDA,SELL,LIMIT,183.24,74,,1207,NEW,
1211,AAPL,,,,,,,CANCEL,593
1212,SPY,,,682.99,480,,,AMEND,50
1213,SPY,SELL,LIMIT,683.2,24,,1208,NEW,
1214,TSLA,,,417.36,43,,,AMEND,45
1215,META,SELL,LIMIT,638.42,99,,1209,NEW,
1216,TSLA,BUY,LIMIT,417.46,706,,1210,NEW,
1217,AAPL,SELL,ICEBERG,256.9,976,78,1211,NEW,
1218,SPY,,,,,,,CANCEL,245
1219,NVDA,BUY,MARKET,,3,,1212,NEW,
1220,MSFT,BUY,IOC,402.83,26,,1213,NEW,
1221,TSLA,SELL,LIMIT,418.04,9,,1214,NEW,
1222,META,BUY,MARKET,,68,,1215,NEW,
1223,NVDA,,,183.37,65,,,AMEND,496
1224,TSLA,,,,,,,CANCEL,131
1225,SPY,SELL,IOC,683.27,98,,1216,NEW,
1226,SPY,,,,,,,CANCEL,862
1227,NVDA,BUY,ICEBERG,183.31,755,131,1217,NEW,
1228,SPY,SELL,ICEBERG,683.15,1131,95,1218,NEW,
1229,META,,,638.5,987,,,AMEND,951
1230,AMZN,,,199.27,765,,,AMEND,877
1231,AMZN,BUY,LIMIT,199.3,70,,1219,NEW,
1232,MSFT,SELL,IOC,402.95,60,,1220,NEW,
1233,NVDA,BUY,FOK,183.31,95,,1221,NEW,
1234,AMZN,SELL,ICEBERG,199.36,1340,26,1222,NEW,
1235,AAPL,SELL,FOK,256.82,82,,1223,NEW,
1236,AAPL,SELL,LIMIT,256.8,99,,1224,NEW,
1237,MSFT,BUY,LIMIT,402.76,3,,1225,NEW,
1238,AMZN,,,199.36,13,,,AMEND,254
1239,AMZN,BUY,LIMIT,199.27,34,,1226,NEW,
1240,GOOGL,,,305.01,31,,,AMEND,230
1241,MSFT,,,,,,,CANCEL,219
1242,META,,,,,,,CANCEL,951
1243,META,SELL,MARKET,,3,,1227,NEW,
1244,NVDA,SELL,LIMIT,183.37,75,,1228,NEW,
1245,SPY,SELL,ICEBERG,683.13,1142,141,1229,NEW,
1246,MSFT,SELL,IOC,402.82,71,,1230,NEW,
1247,TSLA,SELL,LIMIT,417.91,51,,1231,NEW,
1248,NVDA,BUY,ICEBERG,183.37,666,192,1232,NEW,
1249,META,,,,,,,CANCEL,500
1250,GOOGL,BUY,FOK,305.05,67,,1233,NEW,
1251,GOOGL,SELL,LIMIT,305.28,12,,1234,NEW,
1252,AAPL,SELL,FOK,256.7,90,,1235,NEW,
1253,META,SELL,LIMIT,638.23,84,,1236,NEW,
1254,MSFT,,,402.67,89,,,AMEND,323
1255,SPY,SELL,LIMIT,683.05,442,,1237,NEW,
1256,GOOGL,BUY,LIMIT,305.3,734,,1238,NEW,
1257,MSFT,SELL,FOK,402.8,100,,1239,NEW,
1258,META,BUY,LIMIT,637.9,846,,1240,NEW,
1259,AAPL,BUY,FOK,256.59,66,,1241,NEW,
1260,MSFT,SELL,LIMIT,402.63,84,,1242,NEW,
1261,META,BUY,MARKET,,9,,1243,NEW,
1262,META,SELL,LIMIT,638.49,743,,1244,NEW,
1263,AAPL,,,256.61,66,,,AMEND,391
1264,NVDA,SELL,LIMIT,183.44,45,,1245,NEW,
1265,SPY,SELL,LIMIT,682.93,12,,1246,NEW,
1266,TSLA,BUY,MARKET,,63,,1247,NEW,
1267,AAPL,BUY,MARKET,,5,,1248,NEW,
1268,NVDA,BUY,LIMIT,183.47,863,,1249,NEW,
1269,AAPL,BUY,MARKET,,32,,1250,NEW,
1270,SPY,BUY,IOC,682.5,93,,1251,NEW,
1271,AAPL,,,,,,,CANCEL,787
1272,SPY,,,,,,,CANCEL,438
1273,NVDA,,,,,,,CANCEL,128
1274,TSLA,SELL,ICEBERG,418.52,1952,190,1252,NEW,
1275,MSFT,BUY,LIMIT,402.47,69,,1253,NEW,
1276,GOOGL,SELL,LIMIT,305.38,96,,1254,NEW,
1277,AAPL,,,,,,,CANCEL,917
1278,MSFT,SELL,LIMIT,402.64,21,,1255,NEW,
1279,SPY,,,682.5,28,,,AMEND,890
1280,NVDA,BUY,FOK,183.45,352,,1256,NEW,
1281,NVDA,SELL,MARKET,,57,,1257,NEW,
1282,AAPL,SELL,LIMIT,256.71,15,,1258,NEW,
1283,GOOGL,,,305.27,41,,,AMEND,1108
1284,SPY,SELL,ICEBERG,682.54,302,131,1259,NEW,
1285,NVDA,SELL,ICEBERG,183.48,243,89,1260,NEW,
1286,AAPL,BUY,LIMIT,256.64,41,,1261,NEW,
1287,SPY,SELL,LIMIT,682.65,94,,1262,NEW,
1288,AMZN,BUY,LIMIT,199.28,17,,1263,NEW,
1289,TSLA,SELL,LIMIT,418.44,18,,1264,NEW,
1290,SPY,,,,,,,CANCEL,703
1291,MSFT,BUY,ICEBERG,402.38,599,52,1265,NEW,
1292,TSLA,BUY,IOC,418.26,29,,1266,NEW,
1293,MSFT,SELL,LIMIT,402.51,53,,1267,NEW,
1294,MSFT,BUY,LIMIT,402.47,267,,1268,NEW,
1295,TSLA,SELL,MARKET,,11,,1269,NEW,
1296,AAPL,SELL,ICEBERG,256.67,1011,10,1270,NEW,
1297,TSLA,SELL,MARKET,,13,,1271,NEW,
1298,AAPL,,,,,,,CANCEL,491
1299,GOOGL,SELL,LIMIT,305.34,39,,1272,NEW,
1300,SPY,,,,,,,CANCEL,798
1301,AAPL,BUY,MARKET,,83,,1273,NEW,
1302,AMZN,BUY,LIMIT,199.35,98,,1274,NEW,
1303,SPY,,,682.61,31,,,AMEND,1056
1304,GOOGL,,,305.36,22,,,AMEND,472
1305,AAPL,SELL,LIMIT,256.69,41,,1275,NEW,
1306,MSFT,,,,,,,CANCEL,1253
1307,AMZN,,,,,,,CANCEL,944
1308,MSFT,SELL,IOC,402.76,95,,1276,NEW,
1309,AAPL,SELL,LIMIT,256.65,89,,1277,NEW,
1310,MSFT,SELL,IOC,402.71,87,,1278,NEW,
1311,TSLA,BUY,LIMIT,418.73,65,,1279,NEW,
1312,SPY,SELL,LIMIT,682.51,45,,1280,NEW,
1313,TSLA,BUY,ICEBERG,418.52,1809,199,1281,NEW,
1314,AMZN,,,199.34,68,,,AMEND,965
1315,MSFT,BUY,MARKET,,73,,1282,NEW,
1316,TSLA,,,,,,,CANCEL,62
1317,AMZN,SELL,LIMIT,199.41,84,,1283,NEW,
1318,TSLA,SELL,LIMIT,418.88,18,,1284,NEW,
1319,TSLA,,,418.75,78,,,AMEND,20801
1320,META,SELL,LIMIT,638.55,21,,1285,NEW,
1321,NVDA,BUY,LIMIT,183.33,100,,1286,NEW,
1322,GOOGL,SELL,LIMIT,305.36,17,,1287,NEW,
1323,AAPL,BUY,FOK,256.59,45,,1288,NEW,
1324,NVDA,,,,,,,CANCEL,654
1325,META,BUY,ICEBERG,638.57,868,159,1289,NEW,
1326,MSFT,,,,,,,CANCEL,947
1327,AAPL,SELL,LIMIT,256.73,979,,1290,NEW,
1328,TSLA,,,,,,,CANCEL,45
1329,AMZN,SELL,ICEBERG,199.37,1609,24,1291,NEW,
1330,SPY,BUY,MARKET,,12,,1292,NEW,
1331,SPY,SELL,ICEBERG,682.44,909,72,1293,NEW,
1332,SPY,SELL,FOK,682.59,91,,1294,NEW,
1333,TSLA,BUY,LIMIT,418.53,32,,1295,NEW,
1334,AAPL,SELL,FOK,256.74,7,,1296,NEW,
1335,AAPL,BUY,IOC,256.58,73,,1297,NEW,
1336,AAPL,BUY,MARKET,,88,,1298,NEW,
1337,AAPL,SELL,MARKET,,55,,1299,NEW,
1338,AAPL,BUY,FOK,256.49,97,,1300,NEW,
1339,AMZN,BUY,ICEBERG,199.34,294,76,1301,NEW,
1340,NVDA,,,,,,,CANCEL,953
1341,NVDA,SELL,LIMIT,183.38,12,,1302,NEW,
1342,SPY,,,682.31,60,,,AMEND,371
1343,AAPL,,,256.59,44,,,AMEND,676
1344,AAPL,SELL,MARKET,,53,,1303,NEW,
1345,AMZN,,,,,,,CANCEL,762
1346,NVDA,BUY,LIMIT,183.26,14,,1304,NEW,
1347,META,,,638.53,310,,,AMEND,838
1348,AMZN,BUY,LIMIT,199.36,93,,1305,NEW,
1349,AMZN,,,,,,,CANCEL,135
1350,AAPL,BUY,LIMIT,256.43,97,,1306,NEW,
1351,NVDA,,,,,,,CANCEL,150
1352,AAPL,,,,,,,CANCEL,275
1353,AAPL,,,256.42,58,,,AMEND,101
1354,META,SELL,ICEBERG,638.61,467,106,1307,NEW,
1355,AAPL,BUY,ICEBERG,256.4,592,75,1308,NEW,
1356,AMZN,BUY,LIMIT,199.38,24,,1309,NEW,
1357,SPY,SELL,LIMIT,682.52,39,,1310,NEW,
1358,NVDA,BUY,LIMIT,183.18,52,,1311,NEW,
1359,META,SELL,LIMIT,638.84,207,,1312,NEW,
1360,TSLA,BUY,LIMIT,418.79,66,,1313,NEW,
1361,TSLA,BUY,FOK,418.8,13,,1314,NEW,
1362,AMZN,,,199.45,43,,,AMEND,1083
1363,META,SELL,LIMIT,638.79,56,,1315,NEW,
1364,TSLA,BUY,MARKET,,20,,1316,NEW,
1365,AAPL,SELL,ICEBERG,256.54,1990,165,1317,NEW,
1366,NVDA,,,183.18,64,,,AMEND,1304
1367,SPY,SELL,MARKET,,50,,1318,NEW,
1368,MSFT,,,,,,,CANCEL,608
1369,AAPL,SELL,FOK,256.58,79,,1319,NEW,
1370,GOOGL,,,305.34,32,,,AMEND,673
1371,AAPL,BUY,LIMIT,256.38,22,,1320,NEW,
1372,META,BUY,LIMIT,638.61,440,,1321,NEW,
1373,MSFT,BUY,LIMIT,402.58,3,,1322,NEW,
1374,SPY,BUY,FOK,682.2,62,,1323,NEW,
1375,NVDA,SELL,MARKET,,48,,1324,NEW,
1376,META,SELL,LIMIT,638.86,21,,1325,NEW,
1377,GOOGL,,,,,,,CANCEL,1090
1378,TSLA,BUY,LIMIT,418.86,49,,1326,NEW,
1379,AAPL,BUY,IOC,256.26,37,,1327,NEW,
1380,MSFT,BUY,LIMIT,402.63,45,,1328,NEW,
1381,META,BUY,MARKET,,64,,1329,NEW,
1382,META,,,,,,,CANCEL,414
1383,META,BUY,LIMIT,638.77,61,,1330,NEW,
1384,GOOGL,,,305.36,834,,,AMEND,859
1385,MSFT,BUY,LIMIT,402.64,24,,1331,NEW,
1386,AMZN,BUY,LIMIT,199.44,30,,1332,NEW,
1387,META,SELL,ICEBERG,638.69,238,46,1333,NEW,
1388,META,SELL,FOK,638.67,72,,1334,NEW,
1389,AMZN,SELL,LIMIT,199.55,29,,1335,NEW,
1390,META,BUY,MARKET,,4,,1336,NEW,
1391,NVDA,SELL,IOC,183.29,34,,1337,NEW,
1392,AMZN,SELL,IOC,199.51,9,,1338,NEW,
1393,GOOGL,SELL,MARKET,,28,,1339,NEW,
1394,MSFT,BUY,ICEBERG,402.69,1670,49,1340,NEW,
1395,SPY,,,682.44,84,,,AMEND,86
1396,GOOGL,BUY,ICEBERG,305.15,669,19,1341,NEW,
1397,MSFT,BUY,IOC,402.76,53,,1342,NEW,
1398,NVDA,,,,,,,CANCEL,285
1399,MSFT,SELL,FOK,402.95,67,,1343,NEW,
1400,GOOGL,,,305.27,90,,,AMEND,891
1401,SPY,BUY,MARKET,,43,,1344,NEW,
1402,AAPL,BUY,ICEBERG,256.3,1096,165,1345,NEW,
1403,AAPL,BUY,FOK,256.26,71,,1346,NEW,
1404,GOOGL,BUY,FOK,305.28,8,,1347,NEW,
1405,NVDA,BUY,ICEBERG,183.38,1868,84,1348,NEW,
1406,SPY,,,682.39,87,,,AMEND,362
1407,META,BUY,FOK,638.57,76,,1349,NEW,
1408,AAPL,SELL,LIMIT,256.38,38,,1350,NEW,
1409,SPY,BUY,LIMIT,682.03,16,,1351,NEW,
1410,AAPL,SELL,IOC,256.33,443,,1352,NEW,
1411,SPY,BUY,LIMIT,682.1,58,,1353,NEW,
1412,SPY,,,,,,,CANCEL,1064
1413,NVDA,BUY,LIMIT,183.36,64,,1354,NEW,
1414,NVDA,SELL,LIMIT,183.38,62,,1355,NEW,
1415,META,BUY,LIMIT,638.05,470,,1356,NEW,
1416,AAPL,SELL,ICEBERG,256.33,1386,158,1357,NEW,
1417,MSFT,BUY,LIMIT,402.81,78,,1358,NEW,
1418,MSFT,BUY,LIMIT,402.77,74,,1359,NEW,
1419,SPY,SELL,LIMIT,682.35,29,,1360,NEW,
1420,META,SELL,LIMIT,638.19,33,,1361,NEW,
1421,SPY,BUY,LIMIT,682.16,25,,1362,NEW,
1422,META,BUY,MARKET,,37,,1363,NEW,
1423,TSLA,BUY,LIMIT,418.85,65,,1364,NEW,
1424,AMZN,BUY,ICEBERG,199.37,1249,89,1365,NEW,
1425,AMZN,SELL,ICEBERG,199.48,615,76,1366,NEW,
1426,META,BUY,LIMIT,637.93,26,,1367,NEW,
1427,AAPL,BUY,LIMIT,256.26,67,,1368,NEW,
1428,GOOGL,BUY,MARKET,,1,,1369,NEW,
1429,AMZN,BUY,MARKET,,476,,1370,NEW,
1430,SPY,,,,,,,CANCEL,869
1431,NVDA,SELL,FOK,183.35,82,,1371,NEW,
1432,TSLA,,,,,,,CANCEL,1210
1433,NVDA,,,,,,,CANCEL,151
1434,TSLA,BUY,IOC,418.88,79,,1372,NEW,
1435,AMZN,,,,,,,CANCEL,739
1436,MSFT,,,,,,,CANCEL,622
1437,MSFT,SELL,LIMIT,402.83,72,,1373,NEW,
1438,AAPL,,,256.24,45,,,AMEND,101
1439,GOOGL,BUY,ICEBERG,305.12,1190,80,1374,NEW,
1440,AAPL,BUY,ICEBERG,256.32,1594,98,1375,NEW,
1441,SPY,SELL,LIMIT,682.58,1,,1376,NEW,
1442,SPY,SELL,LIMIT,682.44,93,,1377,NEW,
1443,MSFT,,,402.61,62,,,AMEND,45127
1444,MSFT,SELL,IOC,402.7,19,,1378,NEW,
1445,MSFT,SELL,LIMIT,402.5,89,,1379,NEW,
1446,TSLA,,,,,,,CANCEL,186
1447,NVDA,SELL,LIMIT,183.38,2,,1380,NEW,
1448,META,SELL,FOK,638.02,95,,1381,NEW,
1449,META,SELL,IOC,638.04,538,,1382,NEW,
1450,MSFT,,,,,,,CANCEL,273
1451,AAPL,,,256.33,36,,,AMEND,1157
1452,META,BUY,LIMIT,637.67,97,,1383,NEW,
1453,AAPL,SELL,IOC,256.49,50,,1384,NEW,
1454,TSLA,BUY,MARKET,,13,,1385,NEW,
1455,MSFT,BUY,LIMIT,402.45,18,,1386,NEW,
1456,AAPL,SELL,ICEBERG,256.57,1116,34,1387,NEW,
1457,SPY,,,682.23,68,,,AMEND,182
1458,AAPL,SELL,LIMIT,256.54,19,,1388,NEW,
1459,TSLA,SELL,ICEBERG,419.35,1542,18,1389,NEW,
1460,MSFT,SELL,LIMIT,402.72,27,,1390,NEW,
1461,AAPL,SELL,IOC,256.54,956,,1391,NEW,
1462,META,,,637.65,14,,,AMEND,486
1463,TSLA,BUY,LIMIT,419.09,80,,1392,NEW,
1464,MSFT,BUY,MARKET,,16,,1393,NEW,
1465,SPY,SELL,ICEBERG,682.36,1374,30,1394,NEW,
1466,GOOGL,SELL,LIMIT,305.06,68,,1395,NEW,
1467,NVDA,,,,,,,CANCEL,624
1468,TSLA,BUY,LIMIT,419,80,,1396,NEW,
1469,SPY,,,682.09,14,,,AMEND,155
1470,AAPL,BUY,LIMIT,256.46,600,,1397,NEW,
1471,NVDA,SELL,LIMIT,183.49,62,,1398,NEW,
1472,NVDA,,,,,,,CANCEL,544
1473,MSFT,SELL,LIMIT,402.81,96,,1399,NEW,
1474,SPY,SELL,LIMIT,682.46,29,,1400,NEW,
1475,SPY,,,682.43,5,,,AMEND,1025
1476,SPY,SELL,ICEBERG,682.38,1833,36,1401,NEW,
1477,META,SELL,LIMIT,637.71,47,,1402,NEW,
1478,AAPL,,,256.55,21,,,AMEND,701
1479,GOOGL,SELL,MARKET,,60,,1403,NEW,
1480,MSFT,BUY,ICEBERG,402.56,1852,80,1404,NEW,
1481,AMZN,BUY,MARKET,,8,,1405,NEW,
1482,NVDA,,,183.43,15,,,AMEND,370
1483,AAPL,SELL,ICEBERG,256.64,1840,146,1406,NEW,
1484,TSLA,SELL,ICEBERG,419.13,1134,138,1407,NEW,
1485,AAPL,SELL,ICEBERG,256.7,368,148,1408,NEW,
1486,NVDA,,,183.49,84,,,AMEND,496
1487,META,BUY,IOC,637.38,87,,1409,NEW,
1488,AAPL,SELL,IOC,256.69,55,,1410,NEW,
1489,AMZN,SELL,MARKET,,4,,1411,NEW,
1490,AAPL,SELL,LIMIT,256.71,18,,1412,NEW,
1491,NVDA,BUY,IOC,183.5,18,,1413,NEW,
1492,NVDA,SELL,IOC,183.55,45,,1414,NEW,
1493,AAPL,BUY,IOC,256.69,74,,1415,NEW,
1494,META,SELL,MARKET,,60,,1416,NEW,
1495,AAPL,BUY,LIMIT,256.78,61,,1417,NEW,
1496,MSFT,,,402.55,41,,,AMEND,20
1497,TSLA,SELL,LIMIT,419.42,73,,1418,NEW,
1498,AMZN,,,,,,,CANCEL,628
1499,AMZN,,,,,,,CANCEL,1154
1500,SPY,SELL,LIMIT,682.25,97,,1419,NEW,
1501,TSLA,BUY,MARKET,,13,,1420,NEW,
1502,TSLA,SELL,MARKET,,92,,1421,NEW,
1503,GOOGL,SELL,MARKET,,57,,1422,NEW,
1504,AAPL,BUY,LIMIT,256.8,41,,1423,NEW,
1505,AAPL,BUY,LIMIT,256.79,17,,1424,NEW,
1506,NVDA,,,,,,,CANCEL,1260
1507,AMZN,SELL,MARKET,,471,,1425,NEW,
1508,AAPL,SELL,ICEBERG,256.76,1792,46,1426,NEW,
1509,META,SELL,FOK,637.2,63,,1427,NEW,
1510,MSFT,,,,,,,CANCEL,789
1511,GOOGL,BUY,ICEBERG,304.91,1049,157,1428,NEW,
1512,AMZN,,,,,,,CANCEL,193
1513,AAPL,BUY,LIMIT,256.74,73,,1429,NEW,
1514,NVDA,,,,,,,CANCEL,1113
1515,AAPL,BUY,ICEBERG,256.79,811,12,1430,NEW,
1516,SPY,SELL,MARKET,,43,,1431,NEW,
1517,AAPL,,,256.89,10,,,AMEND,36
1518,SPY,SELL,IOC,682.28,75,,1432,NEW,
1519,NVDA,SELL,LIMIT,183.59,339,,1433,NEW,
1520,GOOGL,SELL,ICEBERG,305.01,895,118,1434,NEW,
1521,SPY,,,682.26,15,,,AMEND,107
1522,SPY,BUY,LIMIT,681.88,76,,1435,NEW,
1523,NVDA,BUY,IOC,183.52,66,,1436,NEW,
1524,AAPL,BUY,LIMIT,256.82,43,,1437,NEW,
1525,MSFT,BUY,LIMIT,402.57,72,,1438,NEW,
1526,AAPL,BUY,LIMIT,256.85,49,,1439,NEW,
1527,TSLA,BUY,LIMIT,419.71,18,,1440,NEW,
1528,AMZN,BUY,IOC,199.35,24,,1441,NEW,
1529,SPY,SELL,MARKET,,60,,1442,NEW,
1530,SPY,BUY,LIMIT,681.82,71,,1443,NEW,
1531,GOOGL,BUY,LIMIT,304.9,10,,1444,NEW,
1532,NVDA,BUY,LIMIT,183.43,491,,1445,NEW,
1533,META,BUY,ICEBERG,637.18,770,51,1446,NEW,
1534,MSFT,BUY,ICEBERG,402.47,234,196,1447,NEW,
1535,TSLA,BUY,FOK,419.79,31,,1448,NEW,
1536,TSLA,SELL,FOK,419.88,20,,1449,NEW,
1537,TSLA,SELL,MARKET,,16,,1450,NEW,
1538,GOOGL,BUY,IOC,304.9,670,,1451,NEW,
1539,MSFT,SELL,ICEBERG,402.72,430,89,1452,NEW,
1540,SPY,,,,,,,CANCEL,263
1541,AMZN,SELL,LIMIT,199.59,7,,1453,NEW,
1542,TSLA,SELL,IOC,419.94,34,,1454,NEW,
1543,MSFT,SELL,ICEBERG,402.62,1821,167,1455,NEW,
1544,AAPL,BUY,LIMIT,256.85,87,,1456,NEW,
1545,SPY,,,,,,,CANCEL,1246
1546,GOOGL,SELL,LIMIT,305.05,64,,1457,NEW,
1547,AAPL,,,,,,,CANCEL,546
1548,AAPL,SELL,LIMIT,256.96,71,,1458,NEW,
1549,AAPL,SELL,LIMIT,257.01,54,,1459,NEW,
1550,TSLA,BUY,MARKET,,521,,1460,NEW,
1551,NVDA,,,,,,,CANCEL,962
1552,META,,,637.41,84,,,AMEND,1312
1553,MSFT,SELL,ICEBERG,402.71,291,92,1461,NEW,
1554,MSFT,BUY,LIMIT,402.57,3,,1462,NEW,
1555,AMZN,,,199.5,28,,,AMEND,409
1556,NVDA,SELL,ICEBERG,183.52,415,39,1463,NEW,
1557,AMZN,SELL,ICEBERG,199.62,1984,22,1464,NEW,
1558,SPY,,,,,,,CANCEL,1218
1559,GOOGL,SELL,LIMIT,305.1,85,,1465,NEW,
1560,MSFT,,,,,,,CANCEL,323
1561,NVDA,BUY,FOK,183.48,12,,1466,NEW,
1562,GOOGL,,,,,,,CANCEL,367
1563,AAPL,SELL,LIMIT,257.02,85,,1467,NEW,
1564,AMZN,SELL,LIMIT,199.6,57,,1468,NEW,
1565,META,SELL,FOK,637.29,84,,1469,NEW,
1566,META,,,637.07,10,,,AMEND,461
1567,SPY,,,,,,,CANCEL,483
1568,TSLA,SELL,ICEBERG,420.19,1475,198,1470,NEW,
1569,GOOGL,SELL,IOC,305.1,84,,1471,NEW,
1570,MSFT,BUY,IOC,402.6,30,,1472,NEW,
1571,GOOGL,SELL,ICEBERG,305.08,421,125,1473,NEW,
1572,AAPL,SELL,LIMIT,257.05,98,,1474,NEW,
1573,TSLA,SELL,LIMIT,420,83,,1475,NEW,
1574,AAPL,BUY,LIMIT,256.96,24,,1476,NEW,
1575,SPY,BUY,LIMIT,681.78,9,,1477,NEW,
1576,AMZN,BUY,LIMIT,199.54,5,,1478,NEW,
1577,TSLA,BUY,ICEBERG,419.67,628,89,1479,NEW,
1578,GOOGL,BUY,LIMIT,304.99,2,,1480,NEW,
1579,TSLA,BUY,FOK,419.42,26,,1481,NEW,
1580,AAPL,,,257.05,24,,,AMEND,222
1581,NVDA,BUY,IOC,183.49,56,,1482,NEW,
1582,META,SELL,IOC,637.18,34,,1483,NEW,
1583,META,SELL,LIMIT,637.26,697,,1484,NEW,
1584,MSFT,BUY,LIMIT,402.58,58,,1485,NEW,
1585,META,,,637.02,24,,,AMEND,888
1586,SPY,SELL,MARKET,,393,,1486,NEW,
1587,MSFT,SELL,IOC,402.87,4,,1487,NEW,
1588,GOOGL,,,304.99,60,,,AMEND,588
1589,SPY,,,682.07,61,,,AMEND,247
1590,TSLA,BUY,LIMIT,419.57,978,,1488,NEW,
1591,GOOGL,,,305.07,47,,,AMEND,705
1592,AMZN,BUY,LIMIT,199.5,99,,1489,NEW,
1593,GOOGL,,,,,,,CANCEL,1023
1594,AMZN,,,,,,,CANCEL,894
1595,MSFT,BUY,MARKET,,97,,1490,NEW,
1596,TSLA,BUY,FOK,419.81,47,,1491,NEW,
1597,MSFT,BUY,IOC,402.59,36,,1492,NEW,
1598,SPY,BUY,LIMIT,681.89,93,,1493,NEW,
1599,NVDA,SELL,LIMIT,183.47,70,,1494,NEW,
1600,GOOGL,,,,,,,CANCEL,589
1601,NVDA,SELL,LIMIT,183.51,96,,1495,NEW,
1602,AMZN,BUY,ICEBERG,199.44,1773,145,1496,NEW,
1603,AAPL,,,256.97,62,,,AMEND,974
1604,SPY,BUY,LIMIT,681.84,68,,1497,NEW,
1605,SPY,BUY,FOK,681.8,94,,1498,NEW,
1606,SPY,BUY,MARKET,,25,,1499,NEW,
1607,SPY,BUY,LIMIT,681.84,34,,1500,NEW,
1608,GOOGL,BUY,LIMIT,304.83,17,,1501,NEW,
1609,GOOGL,,,,,,,CANCEL,601
1610,META,,,,,,,CANCEL,352
1611,NVDA,SELL,ICEBERG,183.52,1903,131,1502,NEW,
1612,GOOGL,BUY,LIMIT,304.75,64,,1503,NEW,
1613,AAPL,SELL,ICEBERG,256.97,813,97,1504,NEW,
1614,TSLA,BUY,LIMIT,420,10,,1505,NEW,
1615,TSLA,,,420.13,1,,,AMEND,482
1616,NVDA,BUY,LIMIT,183.35,36,,1506,NEW,
1617,AAPL,,,,,,,CANCEL,209
1618,SPY,,,682.02,1,,,AMEND,887
1619,GOOGL,BUY,LIMIT,304.85,623,,1507,NEW,
1620,MSFT,BUY,IOC,402.74,78,,1508,NEW,
1621,NVDA,BUY,LIMIT,183.23,811,,1509,NEW,
1622,AAPL,BUY,ICEBERG,256.89,1362,149,1510,NEW,
1623,TSLA,SELL,IOC,420.31,78,,1511,NEW,
1624,NVDA,,,,,,,CANCEL,1217
1625,TSLA,BUY,ICEBERG,420.29,1506,31,1512,NEW,
1626,AMZN,,,199.5,537,,,AMEND,926
1627,META,,,,,,,CANCEL,1315
1628,META,SELL,IOC,637.07,27,,1513,NEW,
1629,MSFT,BUY,LIMIT,402.78,318,,1514,NEW,
1630,MSFT,,,402.79,54,,,AMEND,447
1631,TSLA,BUY,ICEBERG,420.22,926,133,1515,NEW,
1632,META,,,636.85,46,,,AMEND,249
1633,GOOGL,SELL,LIMIT,304.99,98,,1516,NEW,
1634,META,SELL,ICEBERG,637.08,566,176,1517,NEW,
1635,SPY,SELL,LIMIT,682.27,58,,1518,NEW,
1636,AAPL,BUY,MARKET,,26,,1519,NEW,
1637,NVDA,SELL,LIMIT,183.17,73,,1520,NEW,
1638,NVDA,BUY,LIMIT,183.18,5,,1521,NEW,
1639,AMZN,SELL,LIMIT,199.6,44,,1522,NEW,
1640,SPY,SELL,LIMIT,682.13,81,,1523,NEW,
1641,NVDA,BUY,LIMIT,183.19,37,,1524,NEW,
1642,AAPL,SELL,IOC,256.89,18,,1525,NEW,
1643,META,SELL,LIMIT,637.18,33,,1526,NEW,
1644,MSFT,SELL,LIMIT,402.96,37,,1527,NEW,
1645,GOOGL,BUY,LIMIT,304.83,52,,1528,NEW,
1646,MSFT,BUY,FOK,402.7,97,,1529,NEW,
1647,SPY,BUY,IOC,681.95,51,,1530,NEW,
1648,SPY,,,681.9,559,,,AMEND,23461
1649,SPY,SELL,LIMIT,682.04,44,,1531,NEW,
1650,META,BUY,ICEBERG,636.77,1994,98,1532,NEW,
1651,META,BUY,MARKET,,50,,1533,NEW,
1652,MSFT,BUY,FOK,402.55,52,,1534,NEW,
1653,MSFT,SELL,ICEBERG,402.54,750,190,1535,NEW,
1654,AAPL,BUY,ICEBERG,256.75,491,36,1536,NEW,
1655,AAPL,SELL,IOC,256.82,90,,1537,NEW,
1656,TSLA,BUY,LIMIT,420.31,38,,1538,NEW,
1657,AMZN,SELL,ICEBERG,199.64,496,21,1539,NEW,
1658,AMZN,BUY,LIMIT,199.58,50,,1540,NEW,
1659,MSFT,BUY,LIMIT,402.31,16,,1541,NEW,
1660,SPY,BUY,LIMIT,681.78,71,,1542,NEW,
1661,META,BUY,LIMIT,636.34,80,,1543,NEW,
1662,META,,,,,,,CANCEL,1383
1663,AMZN,,,,,,,CANCEL,1063
1664,AAPL,SELL,LIMIT,256.81,72,,1544,NEW,
1665,MSFT,SELL,IOC,402.34,63,,1545,NEW,
1666,META,BUY,MARKET,,35,,1546,NEW,
1667,NVDA,BUY,LIMIT,183.15,20,,1547,NEW,
1668,AMZN,,,,,,,CANCEL,658
1669,NVDA,BUY,ICEBERG,183.22,230,195,1548,NEW,
1670,NVDA,BUY,IOC,183.25,53,,1549,NEW,
1671,AAPL,SELL,FOK,256.91,91,,1550,NEW,
1672,META,SELL,FOK,636.75,794,,1551,NEW,
1673,META,SELL,FOK,636.79,523,,1552,NEW,
1674,AMZN,BUY,MARKET,,32,,1553,NEW,
1675,AMZN,SELL,LIMIT,199.61,20,,1554,NEW,
1676,META,SELL,FOK,636.7,79,,1555,NEW,
1677,AAPL,BUY,ICEBERG,256.81,579,31,1556,NEW,
1678,GOOGL,,,,,,,CANCEL,567
1679,TSLA,SELL,FOK,420.5,24,,1557,NEW,
1680,TSLA,SELL,FOK,420.38,68,,1558,NEW,
1681,GOOGL,SELL,ICEBERG,305,1631,73,1559,NEW,
1682,TSLA,,,,,,,CANCEL,573
1683,MSFT,SELL,ICEBERG,402.39,1861,98,1560,NEW,
1684,SPY,BUY,LIMIT,681.88,56,,1561,NEW,
1685,SPY,SELL,LIMIT,682.08,64,,1562,NEW,
1686,MSFT,SELL,LIMIT,402.26,36,,1563,NEW,
1687,GOOGL,,,305.01,77,,,AMEND,619
1688,META,SELL,FOK,636.59,238,,1564,NEW,
1689,MSFT,BUY,FOK,402.1,82,,1565,NEW,
1690,AAPL,BUY,FOK,256.82,88,,1566,NEW,
1691,NVDA,SELL,ICEBERG,183.33,500,164,1567,NEW,
1692,META,BUY,IOC,636.21,41,,1568,NEW,
1693,AMZN,SELL,ICEBERG,199.62,503,127,1569,NEW,
1694,SPY,,,,,,,CANCEL,70
1695,AAPL,SELL,ICEBERG,256.9,1692,141,1570,NEW,
1696,TSLA,BUY,ICEBERG,420.17,739,90,1571,NEW,
1697,MSFT,,,402.15,70,,,AMEND,189
1698,META,SELL,LIMIT,636.77,93,,1572,NEW,
1699,META,,,,,,,CANCEL,1285
1700,MSFT,,,,,,,CANCEL,31079
1701,AMZN,BUY,LIMIT,199.52,59,,1573,NEW,
1702,AAPL,,,256.91,33,,,AMEND,75
1703,TSLA,SELL,ICEBERG,420.14,419,169,1574,NEW,
1704,AAPL,,,,,,,CANCEL,631
1705,META,,,636.59,676,,,AMEND,1038
1706,NVDA,SELL,LIMIT,183.36,42,,1575,NEW,
1707,AMZN,,,,,,,CANCEL,744
1708,NVDA,SELL,ICEBERG,183.28,219,25,1576,NEW,
1709,AMZN,BUY,FOK,199.53,65,,1577,NEW,
1710,GOOGL,BUY,LIMIT,304.95,13,,1578,NEW,
1711,AMZN,BUY,ICEBERG,199.55,838,114,1579,NEW,
1712,NVDA,SELL,LIMIT,183.27,59,,1580,NEW,
1713,NVDA,SELL,MARKET,,79,,1581,NEW,
1714,MSFT,,,,,,,CANCEL,976
1715,META,,,,,,,CANCEL,950
1716,AAPL,BUY,ICEBERG,256.83,582,171,1582,NEW,
1717,TSLA,SELL,MARKET,,90,,1583,NEW,
1718,AAPL,,,,,,,CANCEL,572
1719,META,BUY,ICEBERG,636.45,675,57,1584,NEW,
1720,SPY,SELL,IOC,681.89,63,,1585,NEW,
1721,TSLA,SELL,LIMIT,420.52,20,,1586,NEW,
1722,GOOGL,,,,,,,CANCEL,704
1723,AAPL,,,,,,,CANCEL,989
1724,GOOGL,BUY,IOC,304.92,38,,1587,NEW,
1725,NVDA,,,,,,,CANCEL,148
1726,NVDA,SELL,ICEBERG,183.23,716,90,1588,NEW,
1727,SPY,SELL,LIMIT,681.95,71,,1589,NEW,
1728,AAPL,SELL,ICEBERG,256.83,1977,61,1590,NEW,
1729,TSLA,BUY,LIMIT,420.33,48,,1591,NEW,
1730,GOOGL,BUY,MARKET,,7,,1592,NEW,
1731,META,BUY,FOK,636.83,79,,1593,NEW,
1732,META,BUY,LIMIT,637.07,54,,1594,NEW,
1733,GOOGL,BUY,ICEBERG,305.09,1256,183,1595,NEW,
1734,AMZN,SELL,LIMIT,199.59,47,,1596,NEW,
1735,MSFT,BUY,LIMIT,402.18,26,,1597,NEW,
1736,NVDA,BUY,MARKET,,39,,1598,NEW,
1737,AAPL,BUY,MARKET,,2,,1599,NEW,
1738,AMZN,BUY,LIMIT,199.55,46,,1600,NEW,
1739,NVDA,BUY,LIMIT,183.12,53,,1601,NEW,
1740,MSFT,,,,,,,CANCEL,1328
1741,AAPL,SELL,LIMIT,256.92,16,,1602,NEW,
1742,GOOGL,,,305.08,89,,,AMEND,1595
1743,SPY,,,,,,,CANCEL,1400
1744,META,SELL,LIMIT,637.17,7,,1603,NEW,
1745,MSFT,BUY,LIMIT,402.16,10,,1604,NEW,
1746,AMZN,SELL,ICEBERG,199.59,1335,61,1605,NEW,
1747,AMZN,SELL,FOK,199.57,17,,1606,NEW,
1748,GOOGL,SELL,IOC,305.3,65,,1607,NEW,
1749,TSLA,,,,,,,CANCEL,849
1750,AMZN,SELL,FOK,199.49,49,,1608,NEW,
1751,AAPL,BUY,LIMIT,256.85,43,,1609,NEW,
1752,META,,,636.96,68,,,AMEND,487
1753,SPY,BUY,FOK,681.81,42,,1610,NEW,
1754,GOOGL,BUY,IOC,305.24,2,,1611,NEW,
1755,SPY,BUY,IOC,681.6,19,,1612,NEW,
1756,GOOGL,SELL,LIMIT,305.31,50,,1613,NEW,
1757,GOOGL,SELL,MARKET,,75,,1614,NEW,
1758,META,BUY,LIMIT,637.39,30,,1615,NEW,
1759,META,SELL,IOC,637.94,40,,1616,NEW,
1760,NVDA,,,183.19,71,,,AMEND,496
1761,AAPL,,,,,,,CANCEL,180
1762,TSLA,,,420.35,77,,,AMEND,276
1763,TSLA,,,,,,,CANCEL,513
1764,MSFT,,,402.15,17,,,AMEND,420
1765,META,BUY,FOK,638.01,58,,1617,NEW,
1766,MSFT,,,402.3,87,,,AMEND,816
1767,MSFT,,,,,,,CANCEL,400
1768,GOOGL,SELL,IOC,305.3,70,,1618,NEW,
1769,TSLA,SELL,ICEBERG,420.51,704,19,1619,NEW,
1770,TSLA,BUY,IOC,420.36,29,,1620,NEW,
1771,NVDA,,,,,,,CANCEL,1031
1772,TSLA,,,,,,,CANCEL,733
1773,GOOGL,BUY,LIMIT,305.08,30,,1621,NEW,
1774,MSFT,,,402.16,27,,,AMEND,1358
1775,SPY,SELL,LIMIT,681.83,96,,1622,NEW,
1776,NVDA,BUY,LIMIT,183.23,62,,1623,NEW,
1777,SPY,BUY,LIMIT,681.63,93,,1624,NEW,
1778,NVDA,SELL,LIMIT,183.25,24,,1625,NEW,
1779,AAPL,BUY,LIMIT,256.8,58,,1626,NEW,
1780,NVDA,BUY,LIMIT,183.18,26,,1627,NEW,
1781,META,,,637.99,54,,,AMEND,315
1782,META,BUY,FOK,637.85,912,,1628,NEW,
1783,NVDA,BUY,LIMIT,183.2,43,,1629,NEW,
1784,AAPL,SELL,LIMIT,256.9,1,,1630,NEW,
1785,AAPL,SELL,LIMIT,256.92,81,,1631,NEW,
1786,GOOGL,BUY,LIMIT,305.06,824,,1632,NEW,
1787,SPY,BUY,MARKET,,1,,1633,NEW,
1788,NVDA,,,,,,,CANCEL,1398
1789,GOOGL,SELL,IOC,305.09,31,,1634,NEW,
1790,GOOGL,,,,,,,CANCEL,521
1791,SPY,SELL,LIMIT,682.02,54,,1635,NEW,
1792,AAPL,BUY,FOK,256.81,77,,1636,NEW,
1793,TSLA,SELL,ICEBERG,420.63,1017,83,1637,NEW,
1794,AAPL,SELL,LIMIT,256.89,460,,1638,NEW,
1795,NVDA,SELL,LIMIT,183.27,42,,1639,NEW,
1796,NVDA,SELL,LIMIT,183.41,52,,1640,NEW,
1797,META,SELL,FOK,638.24,71,,1641,NEW,
1798,NVDA,,,183.42,60,,,AMEND,583
1799,MSFT,SELL,LIMIT,402.37,15,,1642,NEW,
1800,TSLA,BUY,MARKET,,97,,1643,NEW,
1801,NVDA,SELL,LIMIT,183.53,333,,1644,NEW,
1802,GOOGL,SELL,ICEBERG,305.11,516,111,1645,NEW,
1803,TSLA,,,420.74,22,,,AMEND,715
1804,MSFT,BUY,ICEBERG,402.34,789,14,1646,NEW,
1805,AAPL,,,,,,,CANCEL,1011
1806,NVDA,,,,,,,CANCEL,726
1807,META,BUY,ICEBERG,638.28,1504,27,1647,NEW,
1808,MSFT,BUY,MARKET,,33,,1648,NEW,
1809,GOOGL,SELL,LIMIT,305.18,6,,1649,NEW,
1810,AMZN,,,,,,,CANCEL,1046
1811,AMZN,,,,,,,CANCEL,692
1812,AAPL,BUY,ICEBERG,256.78,1989,53,1650,NEW,
1813,NVDA,SELL,LIMIT,183.46,36,,1651,NEW,
1814,AAPL,SELL,IOC,256.95,62,,1652,NEW,
1815,AMZN,BUY,LIMIT,199.42,45,,1653,NEW,
1816,AMZN,BUY,LIMIT,199.49,3,,1654,NEW,
1817,GOOGL,SELL,IOC,305.27,76,,1655,NEW,
1818,AMZN,BUY,FOK,199.42,37,,1656,NEW,
1819,AMZN,BUY,LIMIT,199.45,63,,1657,NEW,
1820,GOOGL,,,305.27,26,,,AMEND,1457
1821,TSLA,,,,,,,CANCEL,1637
1822,TSLA,,,,,,,CANCEL,1571
1823,NVDA,SELL,FOK,183.52,30,,1658,NEW,
1824,NVDA,SELL,LIMIT,183.48,64,,1659,NEW,
1825,TSLA,BUY,LIMIT,420.58,53,,1660,NEW,
1826,AAPL,BUY,LIMIT,256.83,401,,1661,NEW,
1827,META,BUY,MARKET,,62,,1662,NEW,
1828,AMZN,SELL,LIMIT,199.52,47,,1663,NEW,
1829,AMZN,SELL,LIMIT,199.46,50,,1664,NEW,
1830,MSFT,SELL,MARKET,,84,,1665,NEW,
1831,AMZN,BUY,IOC,199.38,54,,1666,NEW,
1832,AAPL,,,,,,,CANCEL,256
1833,META,SELL,LIMIT,638.12,98,,1667,NEW,
1834,MSFT,,,402.44,72,,,AMEND,1165
1835,META,BUY,FOK,637.92,32,,1668,NEW,
1836,META,SELL,LIMIT,638.51,12,,1669,NEW,
1837,META,,,,,,,CANCEL,599
1838,AAPL,,,256.85,38,,,AMEND,239
1839,MSFT,BUY,LIMIT,402.25,13,,1670,NEW,
1840,SPY,SELL,LIMIT,681.99,11,,1671,NEW,
1841,NVDA,,,,,,,CANCEL,660
1842,AAPL,BUY,IOC,256.81,809,,1672,NEW,
1843,AMZN,BUY,MARKET,,86,,1673,NEW,
1844,TSLA,SELL,IOC,420.9,20,,1674,NEW,
1845,GOOGL,,,,,,,CANCEL,478
1846,SPY,SELL,FOK,682.03,56,,1675,NEW,
1847,AAPL,BUY,ICEBERG,256.7,574,92,1676,NEW,
1848,META,,,,,,,CANCEL,801
1849,GOOGL,SELL,LIMIT,305.23,57,,1677,NEW,
1850,SPY,BUY,IOC,681.65,81,,1678,NEW,
1851,MSFT,BUY,ICEBERG,402.27,613,45,1679,NEW,
1852,GOOGL,SELL,MARKET,,38,,1680,NEW,
1853,AMZN,BUY,LIMIT,199.49,57,,1681,NEW,
1854,AAPL,BUY,IOC,256.71,14,,1682,NEW,
1855,AAPL,SELL,LIMIT,256.79,12,,1683,NEW,
1856,SPY,SELL,IOC,681.92,56,,1684,NEW,
1857,AAPL,,,256.78,94,,,AMEND,36
1858,AAPL,,,,,,,CANCEL,1149
1859,MSFT,SELL,LIMIT,402.32,70,,1685,NEW,
1860,AMZN,SELL,IOC,199.56,29,,1686,NEW,
1861,NVDA,SELL,LIMIT,183.57,82,,1687,NEW,
1862,SPY,,,681.73,23,,,AMEND,985
1863,TSLA,BUY,LIMIT,420.76,1,,1688,NEW,
1864,SPY,SELL,LIMIT,681.75,11,,1689,NEW,
1865,AAPL,BUY,MARKET,,59,,1690,NEW,
1866,NVDA,BUY,LIMIT,183.41,365,,1691,NEW,
1867,AMZN,BUY,ICEBERG,199.59,438,29,1692,NEW,
1868,TSLA,BUY,LIMIT,420.94,737,,1693,NEW,
1869,AAPL,BUY,ICEBERG,256.69,1495,88,1694,NEW,
1870,SPY,BUY,FOK,681.46,99,,1695,NEW,
1871,NVDA,,,,,,,CANCEL,441
1872,NVDA,SELL,LIMIT,183.41,52,,1696,NEW,
1873,AMZN,BUY,LIMIT,199.56,48,,1697,NEW,
1874,TSLA,SELL,FOK,420.97,36,,1698,NEW,
1875,SPY,BUY,LIMIT,681.35,26,,1699,NEW,
1876,AMZN,SELL,ICEBERG,199.67,263,92,1700,NEW,
1877,META,SELL,FOK,638.53,11,,1701,NEW,
1878,TSLA,SELL,IOC,421.13,21,,1702,NEW,
1879,MSFT,BUY,LIMIT,402.22,90,,1703,NEW,
1880,MSFT,BUY,ICEBERG,402.15,1316,149,1704,NEW,
1881,AAPL,BUY,LIMIT,256.72,47,,1705,NEW,
1882,NVDA,SELL,LIMIT,183.45,97,,1706,NEW,
1883,NVDA,BUY,LIMIT,183.46,49,,1707,NEW,
1884,AAPL,SELL,LIMIT,256.77,20,,1708,NEW,
1885,AAPL,SELL,MARKET,,17,,1709,NEW,
1886,TSLA,SELL,FOK,421.18,87,,1710,NEW,
1887,TSLA,BUY,LIMIT,420.81,68,,1711,NEW,
1888,AAPL,SELL,LIMIT,256.59,3,,1712,NEW,
1889,SPY,SELL,ICEBERG,681.72,751,84,1713,NEW,
1890,MSFT,BUY,LIMIT,402.15,30,,1714,NEW,
1891,SPY,SELL,LIMIT,681.78,36,,1715,NEW,
1892,NVDA,BUY,LIMIT,183.6,3,,1716,NEW,
1893,AAPL,BUY,LIMIT,256.6,96,,1717,NEW,
1894,MSFT,,,402.31,43,,,AMEND,8
1895,MSFT,BUY,ICEBERG,402.21,1945,125,1718,NEW,
1896,MSFT,SELL,LIMIT,402.4,31,,1719,NEW,
1897,GOOGL,SELL,MARKET,,2,,1720,NEW,
1898,META,,,,,,,CANCEL,249
1899,NVDA,SELL,MARKET,,50,,1721,NEW,
1900,MSFT,SELL,IOC,402.53,52,,1722,NEW,
1901,SPY,,,681.81,221,,,AMEND,247
1902,GOOGL,,,,,,,CANCEL,623
1903,NVDA,SELL,LIMIT,183.58,33,,1723,NEW,
1904,AAPL,,,256.69,62,,,AMEND,1683
1905,AAPL,,,256.68,50,,,AMEND,85
1906,MSFT,BUY,LIMIT,402.47,9,,1724,NEW,
1907,NVDA,SELL,LIMIT,183.65,62,,1725,NEW,
1908,AMZN,SELL,LIMIT,199.71,29,,1726,NEW,
1909,TSLA,,,420.82,60,,,AMEND,1711
1910,GOOGL,SELL,MARKET,,98,,1727,NEW,
1911,META,,,,,,,CANCEL,597
1912,MSFT,BUY,LIMIT,402.55,73,,1728,NEW,
1913,AMZN,SELL,MARKET,,27,,1729,NEW,
1914,AMZN,SELL,MARKET,,13,,1730,NEW,
1915,NVDA,SELL,IOC,183.62,70,,1731,NEW,
1916,NVDA,BUY,LIMIT,183.4,15,,1732,NEW,
1917,AMZN,BUY,IOC,199.66,55,,1733,NEW,
1918,AAPL,BUY,ICEBERG,256.44,821,36,1734,NEW,
1919,GOOGL,SELL,LIMIT,305.24,15,,1735,NEW,
1920,SPY,BUY,LIMIT,681.34,27,,1736,NEW,
1921,MSFT,SELL,LIMIT,402.63,94,,1737,NEW,
1922,NVDA,SELL,LIMIT,183.64,384,,1738,NEW,
1923,NVDA,,,183.63,99,,,AMEND,1077
1924,TSLA,,,,,,,CANCEL,1693
1925,GOOGL,SELL,LIMIT,305.25,22,,1739,NEW,
1926,NVDA,BUY,LIMIT,183.56,95,,1740,NEW,
1927,META,SELL,LIMIT,638.65,29,,1741,NEW,
1928,MSFT,SELL,FOK,402.82,10,,1742,NEW,
1929,AAPL,BUY,LIMIT,256.32,91,,1743,NEW,
1930,NVDA,SELL,MARKET,,42,,1744,NEW,
1931,AAPL,BUY,LIMIT,256.33,69,,1745,NEW,
1932,SPY,SELL,MARKET,,58,,1746,NEW,
1933,GOOGL,BUY,LIMIT,305.17,95,,1747,NEW,
1934,TSLA,,,420.96,13,,,AMEND,581
1935,NVDA,,,183.76,539,,,AMEND,19
1936,TSLA,,,,,,,CANCEL,1488
1937,TSLA,BUY,FOK,420.75,97,,1748,NEW,
1938,NVDA,SELL,LIMIT,183.76,42,,1749,NEW,
1939,TSLA,BUY,LIMIT,420.79,12,,1750,NEW,
1940,AMZN,SELL,LIMIT,199.8,83,,1751,NEW,
1941,NVDA,SELL,FOK,183.74,228,,1752,NEW,
1942,AAPL,SELL,LIMIT,256.43,47,,1753,NEW,
1943,NVDA,SELL,LIMIT,183.86,67,,1754,NEW,
1944,NVDA,,,183.8,96,,,AMEND,289
1945,AMZN,BUY,LIMIT,199.72,358,,1755,NEW,
1946,AMZN,BUY,FOK,199.73,18,,1756,NEW,
1947,NVDA,SELL,FOK,183.88,47,,1757,NEW,
1948,MSFT,BUY,ICEBERG,402.72,1693,74,1758,NEW,
1949,MSFT,,,402.75,68,,,AMEND,89
1950,GOOGL,BUY,LIMIT,305.13,30,,1759,NEW,
1951,SPY,BUY,FOK,681.37,55,,1760,NEW,
1952,AMZN,BUY,LIMIT,199.65,40,,1761,NEW,
1953,AAPL,BUY,LIMIT,256.34,86,,1762,NEW,
1954,AAPL,SELL,MARKET,,29,,1763,NEW,
1955,AAPL,BUY,LIMIT,256.31,64,,1764,NEW,
1956,META,SELL,LIMIT,638.72,11,,1765,NEW,
1957,TSLA,SELL,LIMIT,420.96,67,,1766,NEW,
1958,MSFT,SELL,ICEBERG,402.74,1088,54,1767,NEW,
1959,MSFT,SELL,MARKET,,42,,1768,NEW,
1960,NVDA,,,183.81,1,,,AMEND,514
1961,AMZN,SELL,LIMIT,199.68,57,,1769,NEW,
1962,GOOGL,BUY,LIMIT,305.12,100,,1770,NEW,
1963,SPY,SELL,LIMIT,681.58,37,,1771,NEW,
1964,SPY,SELL,LIMIT,681.68,27,,1772,NEW,
1965,GOOGL,SELL,LIMIT,305.23,53,,1773,NEW,
1966,AMZN,SELL,LIMIT,199.64,54,,1774,NEW,
1967,AMZN,SELL,LIMIT,199.64,90,,1775,NEW,
1968,NVDA,BUY,FOK,183.75,67,,1776,NEW,
1969,AAPL,BUY,ICEBERG,256.35,1446,136,1777,NEW,
1970,SPY,,,681.63,34,,,AMEND,107
1971,MSFT,SELL,ICEBERG,402.54,1393,148,1778,NEW,
1972,SPY,SELL,FOK,681.74,71,,1779,NEW,
1973,GOOGL,,,,,,,CANCEL,73
1974,TSLA,BUY,MARKET,,92,,1780,NEW,
1975,SPY,SELL,LIMIT,681.63,66,,1781,NEW,
1976,GOOGL,,,305.22,32,,,AMEND,751
1977,NVDA,SELL,LIMIT,183.82,69,,1782,NEW,
1978,AAPL,SELL,LIMIT,256.56,13,,1783,NEW,
1979,MSFT,,,402.38,97,,,AMEND,447
1980,GOOGL,SELL,LIMIT,305.29,84,,1784,NEW,
1981,META,SELL,MARKET,,95,,1785,NEW,
1982,NVDA,SELL,LIMIT,183.94,30,,1786,NEW,
1983,AMZN,,,,,,,CANCEL,615
1984,SPY,SELL,FOK,681.72,24,,1787,NEW,
1985,NVDA,SELL,LIMIT,183.93,93,,1788,NEW,
1986,MSFT,BUY,LIMIT,402.47,38,,1789,NEW,
1987,AMZN,,,199.57,1,,,AMEND,1309
1988,AAPL,SELL,ICEBERG,256.59,464,163,1790,NEW,
1989,AAPL,BUY,LIMIT,256.48,446,,1791,NEW,
1990,TSLA,SELL,ICEBERG,421,1713,116,1792,NEW,
1991,SPY,SELL,IOC,681.76,88,,1793,NEW,
1992,NVDA,SELL,LIMIT,183.93,946,,1794,NEW,
1993,MSFT,BUY,LIMIT,402.48,6,,1795,NEW,
1994,AAPL,,,,,,,CANCEL,198
1995,SPY,BUY,LIMIT,681.49,81,,1796,NEW,
1996,TSLA,BUY,LIMIT,420.89,89,,1797,NEW,
1997,MSFT,BUY,MARKET,,88,,1798,NEW,
1998,AAPL,SELL,MARKET,,200,,1799,NEW,
1999,AAPL,BUY,IOC,256.49,75,,1800,NEW,
2000,TSLA,SELL,IOC,421,44,,1801,NEW,
2001,MSFT,SELL,MARKET,,43,,1802,NEW,
2002,MSFT,,,,,,,CANCEL,995
2003,META,BUY,MARKET,,55,,1803,NEW,
2004,AAPL,BUY,IOC,256.4,91,,1804,NEW,
2005,NVDA,BUY,LIMIT,183.79,83,,1805,NEW,
2006,AMZN,BUY,LIMIT,199.6,531,,1806,NEW,
2007,MSFT,SELL,ICEBERG,402.74,1528,13,1807,NEW,
2008,NVDA,SELL,LIMIT,183.8,25,,1808,NEW,
2009,SPY,,,,,,,CANCEL,1169
2010,AAPL,,,,,,,CANCEL,59
2011,AMZN,SELL,LIMIT,199.64,61,,1809,NEW,
2012,AMZN,,,,,,,CANCEL,620
2013,TSLA,,,,,,,CANCEL,465
2014,META,SELL,LIMIT,639.39,44,,1810,NEW,
2015,SPY,BUY,MARKET,,71,,1811,NEW,
2016,MSFT,BUY,ICEBERG,402.61,1795,130,1812,NEW,
2017,TSLA,,,,,,,CANCEL,1766
2018,SPY,,,681.57,39,,,AMEND,166
2019,META,,,639.15,99,,,AMEND,1321
2020,SPY,SELL,FOK,681.6,70,,1813,NEW,
2021,TSLA,,,,,,,CANCEL,1515
2022,NVDA,SELL,MARKET,,80,,1814,NEW,
2023,MSFT,BUY,MARKET,,80,,1815,NEW,
2024,TSLA,SELL,IOC,421.01,51,,1816,NEW,
2025,AMZN,BUY,LIMIT,199.56,45,,1817,NEW,
2026,GOOGL,BUY,MARKET,,57,,1818,NEW,
2027,NVDA,SELL,ICEBERG,183.92,623,19,1819,NEW,
2028,NVDA,BUY,LIMIT,183.92,87,,1820,NEW,
2029,AAPL,SELL,LIMIT,256.51,69,,1821,NEW,
2030,GOOGL,SELL,LIMIT,305.34,43,,1822,NEW,
2031,AAPL,,,,,,,CANCEL,16427
2032,NVDA,,,183.99,904,,,AMEND,1808
2033,AAPL,,,256.43,12,,,AMEND,1476
2034,TSLA,BUY,LIMIT,420.7,68,,1823,NEW,
2035,NVDA,SELL,ICEBERG,183.94,1721,171,1824,NEW,
2036,NVDA,,,183.94,95,,,AMEND,427
2037,SPY,BUY,LIMIT,681.34,37,,1825,NEW,
2038,AMZN,,,199.63,684,,,AMEND,254
2039,AAPL,SELL,MARKET,,41,,1826,NEW,
2040,MSFT,SELL,IOC,402.88,692,,1827,NEW,
2041,SPY,SELL,LIMIT,681.48,58,,1828,NEW,
2042,SPY,BUY,LIMIT,681.22,61,,1829,NEW,
2043,NVDA,SELL,LIMIT,183.9,23,,1830,NEW,
2044,AAPL,SELL,IOC,256.77,51,,1831,NEW,
2045,GOOGL,SELL,ICEBERG,305.43,1064,60,1832,NEW,
2046,AAPL,SELL,LIMIT,256.74,81,,1833,NEW,
2047,SPY,,,681.25,20,,,AMEND,15
2048,AAPL,BUY,ICEBERG,256.66,1529,73,1834,NEW,
2049,TSLA,SELL,ICEBERG,420.83,475,17,1835,NEW,
2050,GOOGL,,,,,,,CANCEL,716
2051,AMZN,BUY,LIMIT,199.55,90,,1836,NEW,
2052,SPY,BUY,LIMIT,681.34,40,,1837,NEW,
2053,TSLA,,,,,,,CANCEL,647
2054,MSFT,SELL,MARKET,,76,,1838,NEW,
2055,AAPL,SELL,ICEBERG,256.73,389,58,1839,NEW,
2056,AAPL,SELL,FOK,256.66,50,,1840,NEW,
2057,MSFT,BUY,LIMIT,402.61,31,,1841,NEW,
2058,MSFT,,,402.63,79,,,AMEND,1135
2059,AMZN,,,,,,,CANCEL,1809
2060,META,,,,,,,CANCEL,961
2061,TSLA,BUY,LIMIT,420.64,53,,1842,NEW,
2062,MSFT,,,,,,,CANCEL,1048
2063,MSFT,SELL,LIMIT,402.53,32,,1843,NEW,
2064,GOOGL,BUY,MARKET,,60,,1844,NEW,
2065,SPY,,,,,,,CANCEL,29
2066,TSLA,,,420.77,342,,,AMEND,715
2067,GOOGL,,,,,,,CANCEL,649
2068,MSFT,BUY,IOC,402.6,2,,1845,NEW,
2069,AMZN,SELL,IOC,199.58,5,,1846,NEW,
2070,NVDA,,,183.82,60,,,AMEND,1196
2071,NVDA,BUY,IOC,183.86,81,,1847,NEW,
2072,META,BUY,LIMIT,639.19,44,,1848,NEW,
2073,META,,,639.42,17,,,AMEND,1244
2074,AAPL,,,256.57,70,,,AMEND,1174
2075,AAPL,,,256.67,83,,,AMEND,632
2076,META,BUY,LIMIT,638.9,55,,1849,NEW,
2077,GOOGL,BUY,LIMIT,305.19,75,,1850,NEW,
2078,AAPL,,,256.68,76,,,AMEND,156
2079,AMZN,SELL,IOC,199.58,871,,1851,NEW,
2080,MSFT,BUY,MARKET,,7,,1852,NEW,
2081,META,,,,,,,CANCEL,799
2082,META,BUY,LIMIT,638.74,40,,1853,NEW,
2083,AMZN,SELL,MARKET,,89,,1854,NEW,
2084,AAPL,SELL,LIMIT,256.61,23,,1855,NEW,
2085,MSFT,SELL,LIMIT,402.63,48,,1856,NEW,
2086,MSFT,BUY,FOK,402.43,84,,1857,NEW,
2087,META,,,638.76,14,,,AMEND,1114
2088,NVDA,BUY,LIMIT,183.79,53,,1858,NEW,
2089,TSLA,BUY,FOK,420.15,82,,1859,NEW,
2090,MSFT,,,402.55,73,,,AMEND,727
2091,NVDA,BUY,FOK,183.89,63,,1860,NEW,
2092,GOOGL,SELL,FOK,305.23,807,,1861,NEW,
2093,AMZN,BUY,ICEBERG,199.39,1572,57,1862,NEW,
2094,TSLA,BUY,LIMIT,420.16,11,,1863,NEW,
2095,AAPL,SELL,LIMIT,256.6,73,,1864,NEW,
2096,META,BUY,ICEBERG,638.83,1085,132,1865,NEW,
2097,GOOGL,SELL,LIMIT,305.21,41,,1866,NEW,
2098,MSFT,BUY,IOC,402.52,85,,1867,NEW,
2099,AAPL,,,,,,,CANCEL,48
2100,AAPL,BUY,LIMIT,256.58,26,,1868,NEW,
2101,SPY,BUY,LIMIT,681.39,27,,1869,NEW,
2102,GOOGL,,,,,,,CANCEL,1341
2103,TSLA,,,420.15,17,,,AMEND,1591
2104,SPY,BUY,LIMIT,681.53,70,,1870,NEW,
2105,GOOGL,,,305.07,767,,,AMEND,38
2106,TSLA,BUY,LIMIT,420.4,83,,1871,NEW,
2107,NVDA,SELL,IOC,183.82,92,,1872,NEW,
2108,NVDA,SELL,LIMIT,183.89,19,,1873,NEW,
2109,MSFT,BUY,LIMIT,402.59,86,,1874,NEW,
2110,TSLA,SELL,LIMIT,420.5,34,,1875,NEW,
2111,AMZN,SELL,MARKET,,99,,1876,NEW,
2112,NVDA,,,,,,,CANCEL,1627
2113,TSLA,,,420.34,61,,,AMEND,1538
2114,TSLA,BUY,LIMIT,420.56,94,,1877,NEW,
2115,GOOGL,BUY,LIMIT,305.08,15,,1878,NEW,
2116,SPY,BUY,LIMIT,681.83,5,,1879,NEW,
2117,AMZN,,,199.36,90,,,AMEND,807
2118,TSLA,BUY,FOK,420.55,53,,1880,NEW,
2119,NVDA,BUY,MARKET,,89,,1881,NEW,
2120,META,BUY,FOK,638.73,40,,1882,NEW,
2121,SPY,SELL,IOC,682.08,605,,1883,NEW,
2122,MSFT,SELL,ICEBERG,402.91,1072,179,1884,NEW,
2123,AMZN,,,,,,,CANCEL,481
2124,MSFT,,,,,,,CANCEL,540
2125,SPY,,,,,,,CANCEL,1689
2126,GOOGL,BUY,MARKET,,14,,1885,NEW,
2127,NVDA,SELL,ICEBERG,183.88,1138,52,1886,NEW,
2128,TSLA,BUY,LIMIT,420.7,100,,1887,NEW,
2129,TSLA,SELL,MARKET,,82,,1888,NEW,
2130,AMZN,,,,,,,CANCEL,1002
2131,SPY,SELL,MARKET,,2,,1889,NEW,
2132,SPY,BUY,FOK,681.96,18,,1890,NEW,
2133,GOOGL,BUY,IOC,304.9,56,,1891,NEW,
2134,AMZN,BUY,LIMIT,199.44,56,,1892,NEW,
2135,META,SELL,FOK,639.28,69,,1893,NEW,
2136,META,BUY,LIMIT,638.99,14,,1894,NEW,
2137,TSLA,BUY,FOK,420.62,57,,1895,NEW,
2138,GOOGL,,,305.02,98,,,AMEND,1677
2139,GOOGL,BUY,ICEBERG,304.98,680,126,1896,NEW,
2140,AMZN,SELL,LIMIT,199.57,17,,1897,NEW,
2141,META,SELL,MARKET,,30,,1898,NEW,
2142,MSFT,BUY,LIMIT,402.71,30,,1899,NEW,
2143,AMZN,SELL,ICEBERG,199.57,1432,188,1900,NEW,
2144,AAPL,SELL,ICEBERG,256.58,1190,149,1901,NEW,
2145,META,,,,,,,CANCEL,1853
2146,GOOGL,,,,,,,CANCEL,30
2147,META,,,,,,,CANCEL,1667
2148,TSLA,,,,,,,CANCEL,1073
2149,TSLA,,,,,,,CANCEL,421
2150,AMZN,,,199.49,89,,,AMEND,607
2151,SPY,BUY,LIMIT,681.89,7,,1902,NEW,
2152,GOOGL,SELL,LIMIT,305.11,37,,1903,NEW,
2153,NVDA,SELL,LIMIT,183.95,38,,1904,NEW,
2154,TSLA,SELL,MARKET,,956,,1905,NEW,
2155,NVDA,,,183.89,86,,,AMEND,1136
2156,NVDA,BUY,LIMIT,183.86,80,,1906,NEW,
2157,AMZN,SELL,FOK,199.5,58,,1907,NEW,
2158,AMZN,,,199.5,1000,,,AMEND,943
2159,META,BUY,LIMIT,639.5,56,,1908,NEW,
2160,AAPL,SELL,LIMIT,256.6,31,,1909,NEW,
2161,NVDA,,,183.93,34,,,AMEND,1302
2162,SPY,BUY,IOC,681.95,10,,1910,NEW,
2163,TSLA,BUY,LIMIT,420.42,83,,1911,NEW,
2164,NVDA,BUY,FOK,183.94,86,,1912,NEW,
2165,AMZN,SELL,LIMIT,199.49,93,,1913,NEW,
2166,AMZN,,,199.42,60,,,AMEND,908
2167,MSFT,BUY,LIMIT,402.72,61,,1914,NEW,
2168,MSFT,,,,,,,CANCEL,313
2169,META,BUY,LIMIT,639.21,1,,1915,NEW,
2170,MSFT,SELL,IOC,402.8,18,,1916,NEW,
2171,NVDA,SELL,LIMIT,184.01,972,,1917,NEW,
2172,GOOGL,SELL,ICEBERG,305.13,1664,73,1918,NEW,
2173,MSFT,SELL,MARKET,,59,,1919,NEW,
2174,AAPL,,,256.5,85,,,AMEND,381
2175,GOOGL,BUY,LIMIT,305.09,100,,1920,NEW,
2176,SPY,BUY,IOC,682.04,87,,1921,NEW,
2177,TSLA,SELL,FOK,420.37,87,,1922,NEW,
2178,SPY,SELL,MARKET,,413,,1923,NEW,
2179,AAPL,,,,,,,CANCEL,1057
2180,GOOGL,BUY,LIMIT,305.04,91,,1924,NEW,
2181,META,SELL,FOK,639.28,58,,1925,NEW,
2182,TSLA,,,420.24,870,,,AMEND,955
2183,SPY,,,,,,,CANCEL,1902
2184,NVDA,BUY,LIMIT,184.06,17,,1926,NEW,
2185,NVDA,BUY,ICEBERG,184.04,773,28,1927,NEW,
2186,NVDA,BUY,MARKET,,4,,1928,NEW,
2187,TSLA,BUY,MARKET,,87,,1929,NEW,
2188,AAPL,SELL,MARKET,,7,,1930,NEW,
2189,AMZN,SELL,LIMIT,199.43,2,,1931,NEW,
2190,GOOGL,SELL,ICEBERG,305.07,1027,200,1932,NEW,
2191,AAPL,BUY,IOC,256.51,55,,1933,NEW,
2192,AAPL,BUY,ICEBERG,256.46,1560,69,1934,NEW,
2193,MSFT,SELL,IOC,402.91,20,,1935,NEW,
2194,NVDA,SELL,MARKET,,28,,1936,NEW,
2195,TSLA,BUY,LIMIT,420.38,82,,1937,NEW,
2196,AMZN,,,,,,,CANCEL,225
2197,META,SELL,IOC,639.21,73,,1938,NEW,
2198,MSFT,BUY,MARKET,,70,,1939,NEW,
2199,NVDA,SELL,LIMIT,184.22,35,,1940,NEW,
2200,NVDA,,,,,,,CANCEL,6
2201,AMZN,SELL,FOK,199.43,33,,1941,NEW,
2202,AMZN,BUY,FOK,199.3,28,,1942,NEW,
2203,SPY,SELL,ICEBERG,682.55,1198,22,1943,NEW,
2204,AMZN,SELL,FOK,199.43,82,,1944,NEW,
2205,TSLA,SELL,LIMIT,420.31,4,,1945,NEW,
2206,AMZN,SELL,MARKET,,59,,1946,NEW,
2207,TSLA,BUY,MARKET,,68,,1947,NEW,
2208,NVDA,BUY,LIMIT,184.22,75,,1948,NEW,
2209,MSFT,BUY,LIMIT,402.81,89,,1949,NEW,
2210,AAPL,,,256.46,76,,,AMEND,77
2211,TSLA,BUY,LIMIT,420.15,64,,1950,NEW,
2212,GOOGL,SELL,FOK,305.06,71,,1951,NEW,
2213,NVDA,SELL,LIMIT,184.19,47,,1952,NEW,
2214,AMZN,BUY,LIMIT,199.2,43,,1953,NEW,
2215,SPY,SELL,LIMIT,682.6,14,,1954,NEW,
2216,MSFT,BUY,LIMIT,402.79,30,,1955,NEW,
2217,AAPL,BUY,FOK,256.44,57,,1956,NEW,
2218,AMZN,BUY,LIMIT,199.13,49,,1957,NEW,
2219,AMZN,BUY,MARKET,,43,,1958,NEW,
2220,TSLA,SELL,LIMIT,420.35,99,,1959,NEW,
2221,SPY,SELL,IOC,682.87,73,,1960,NEW,
2222,NVDA,SELL,MARKET,,64,,1961,NEW,
2223,MSFT,BUY,ICEBERG,402.78,1454,152,1962,NEW,
2224,NVDA,BUY,LIMIT,184.11,5,,1963,NEW,
2225,NVDA,SELL,ICEBERG,184.27,1651,46,1964,NEW,
2226,TSLA,,,,,,,CANCEL,715
2227,SPY,SELL,ICEBERG,683.01,871,51,1965,NEW,
2228,GOOGL,SELL,IOC,304.9,4,,1966,NEW,
2229,MSFT,,,402.75,59,,,AMEND,22
2230,AMZN,,,,,,,CANCEL,46321
2231,AMZN,SELL,LIMIT,199.31,72,,1967,NEW,
2232,SPY,SELL,MARKET,,41,,1968,NEW,
2233,SPY,BUY,MARKET,,99,,1969,NEW,
2234,TSLA,SELL,MARKET,,61,,1970,NEW,
2235,AMZN,BUY,LIMIT,199.17,95,,1971,NEW,
2236,AAPL,,,,,,,CANCEL,1762
2237,NVDA,SELL,LIMIT,184.32,42,,1972,NEW,
2238,NVDA,BUY,LIMIT,184.13,957,,1973,NEW,
2239,NVDA,SELL,ICEBERG,184.29,1962,80,1974,NEW,
2240,NVDA,,,,,,,CANCEL,1116
2241,TSLA,SELL,MARKET,,5,,1975,NEW,
2242,NVDA,,,,,,,CANCEL,1445
2243,SPY,BUY,FOK,682.8,94,,1976,NEW,
2244,MSFT,SELL,ICEBERG,402.81,1899,63,1977,NEW,
2245,NVDA,,,,,,,CANCEL,1588
2246,AMZN,,,199.17,718,,,AMEND,206
2247,AMZN,BUY,IOC,199.17,375,,1978,NEW,
2248,NVDA,SELL,ICEBERG,184.26,1579,141,1979,NEW,
2249,AAPL,SELL,LIMIT,256.55,97,,1980,NEW,
2250,MSFT,SELL,LIMIT,402.69,43,,1981,NEW,
2251,AAPL,BUY,MARKET,,52,,1982,NEW,
2252,AMZN,SELL,FOK,199.28,78,,1983,NEW,
2253,MSFT,,,,,,,CANCEL,46427
2254,AAPL,BUY,MARKET,,1,,1984,NEW,
2255,AAPL,BUY,FOK,256.54,100,,1985,NEW,
2256,MSFT,,,,,,,CANCEL,1036
2257,TSLA,SELL,LIMIT,420.18,49,,1986,NEW,
2258,AMZN,SELL,IOC,199.3,45,,1987,NEW,
2259,MSFT,SELL,LIMIT,402.74,40,,1988,NEW,
2260,AAPL,BUY,ICEBERG,256.49,805,162,1989,NEW,
2261,SPY,BUY,ICEBERG,682.88,1414,77,1990,NEW,
2262,AMZN,,,,,,,CANCEL,303
2263,NVDA,,,,,,,CANCEL,910
2264,SPY,BUY,LIMIT,683.01,608,,1991,NEW,
2265,MSFT,SELL,ICEBERG,402.76,300,158,1992,NEW,
2266,MSFT,SELL,FOK,402.65,75,,1993,NEW,
2267,SPY,SELL,LIMIT,683.42,83,,1994,NEW,
2268,GOOGL,BUY,ICEBERG,304.77,1329,119,1995,NEW,
2269,AAPL,BUY,LIMIT,256.56,89,,1996,NEW,
2270,AAPL,,,,,,,CANCEL,434
2271,META,BUY,LIMIT,638.75,522,,1997,NEW,
2272,NVDA,SELL,ICEBERG,184.35,1418,146,1998,NEW,
2273,AMZN,SELL,LIMIT,199.25,47,,1999,NEW,
2274,SPY,BUY,MARKET,,70,,2000,NEW,
2275,NVDA,SELL,MARKET,,25,,2001,NEW,
2276,GOOGL,SELL,LIMIT,304.89,87,,2002,NEW,
2277,META,BUY,ICEBERG,638.55,989,37,2003,NEW,
2278,SPY,,,,,,,CANCEL,890
2279,NVDA,BUY,ICEBERG,184.39,718,145,2004,NEW,
2280,META,SELL,IOC,639.09,59,,2005,NEW,
2281,NVDA,BUY,LIMIT,184.44,7,,2006,NEW,
2282,NVDA,BUY,ICEBERG,184.45,1966,67,2007,NEW,
2283,META,BUY,LIMIT,638.97,31,,2008,NEW,
2284,AAPL,BUY,LIMIT,256.6,38,,2009,NEW,
2285,NVDA,SELL,LIMIT,184.48,76,,2010,NEW,
2286,MSFT,BUY,LIMIT,402.57,55,,2011,NEW,
2287,GOOGL,SELL,FOK,305.01,54,,2012,NEW,
2288,NVDA,BUY,ICEBERG,184.5,1439,74,2013,NEW,
2289,MSFT,BUY,LIMIT,402.62,88,,2014,NEW,
2290,AAPL,SELL,LIMIT,256.64,62,,2015,NEW,
2291,SPY,BUY,LIMIT,683.12,89,,2016,NEW,
2292,NVDA,SELL,IOC,184.57,72,,2017,NEW,
2293,AMZN,BUY,ICEBERG,199.18,1773,153,2018,NEW,
2294,MSFT,,,,,,,CANCEL,663
2295,NVDA,BUY,LIMIT,184.52,71,,2019,NEW,
2296,META,BUY,ICEBERG,639.06,1297,76,2020,NEW,
2297,META,BUY,LIMIT,638.5,65,,2021,NEW,
2298,TSLA,BUY,LIMIT,419.99,23,,2022,NEW,
2299,MSFT,BUY,LIMIT,402.42,27,,2023,NEW,
2300,TSLA,BUY,IOC,419.87,677,,2024,NEW,
2301,MSFT,SELL,LIMIT,402.66,2,,2025,NEW,
2302,NVDA,,,184.6,34,,,AMEND,204
2303,MSFT,,,402.68,51,,,AMEND,1461
2304,AMZN,BUY,LIMIT,199.2,39,,2026,NEW,
2305,NVDA,SELL,LIMIT,184.58,26,,2027,NEW,
2306,NVDA,,,184.5,97,,,AMEND,823
2307,NVDA,BUY,LIMIT,184.47,59,,2028,NEW,
2308,GOOGL,SELL,LIMIT,305,49,,2029,NEW,
2309,AMZN,,,199.2,95,,,AMEND,899
2310,GOOGL,BUY,LIMIT,304.81,39,,2030,NEW,
2311,NVDA,BUY,MARKET,,953,,2031,NEW,
2312,TSLA,SELL,LIMIT,420.11,9,,2032,NEW,
2313,AAPL,SELL,LIMIT,256.56,98,,2033,NEW,
2314,AAPL,SELL,LIMIT,256.53,61,,2034,NEW,
2315,MSFT,SELL,LIMIT,402.49,72,,2035,NEW,
2316,META,,,638.7,63,,,AMEND,618
2317,MSFT,BUY,FOK,402.33,99,,2036,NEW,
2318,SPY,SELL,LIMIT,683.35,22,,2037,NEW,
2319,GOOGL,BUY,FOK,304.84,80,,2038,NEW,
2320,MSFT,BUY,MARKET,,72,,2039,NEW,
2321,AMZN,BUY,LIMIT,199.27,100,,2040,NEW,
2322,TSLA,BUY,ICEBERG,420.3,1810,191,2041,NEW,
2323,TSLA,SELL,ICEBERG,420.3,780,23,2042,NEW,
2324,SPY,SELL,LIMIT,683.15,17,,2043,NEW,
2325,MSFT,,,,,,,CANCEL,606
2326,AMZN,BUY,IOC,199.19,29,,2044,NEW,
2327,AAPL,,,256.54,90,,,AMEND,72
2328,SPY,SELL,ICEBERG,683.05,1565,87,2045,NEW,
2329,META,SELL,IOC,638.72,68,,2046,NEW,
2330,AMZN,BUY,LIMIT,199.21,93,,2047,NEW,
2331,MSFT,BUY,MARKET,,36,,2048,NEW,
2332,META,SELL,MARKET,,216,,2049,NEW,
2333,META,BUY,MARKET,,44,,2050,NEW,
2334,GOOGL,SELL,IOC,304.91,48,,2051,NEW,
2335,SPY,SELL,LIMIT,682.87,99,,2052,NEW,
2336,GOOGL,,,,,,,CANCEL,91
2337,NVDA,,,,,,,CANCEL,1433
2338,MSFT,SELL,LIMIT,402.48,61,,2053,NEW,
2339,SPY,BUY,IOC,682.6,28,,2054,NEW,
2340,NVDA,SELL,MARKET,,59,,2055,NEW,
2341,TSLA,BUY,LIMIT,420.27,39,,2056,NEW,
2342,NVDA,BUY,IOC,184.38,68,,2057,NEW,
2343,AMZN,SELL,LIMIT,199.29,71,,2058,NEW,
2344,NVDA,BUY,LIMIT,184.49,95,,2059,NEW,
2345,AAPL,SELL,IOC,256.42,54,,2060,NEW,
2346,AMZN,SELL,LIMIT,199.25,90,,2061,NEW,
2347,AAPL,SELL,ICEBERG,256.44,1880,156,2062,NEW,
2348,NVDA,SELL,ICEBERG,184.49,1681,39,2063,NEW,
2349,META,SELL,MARKET,,580,,2064,NEW,
2350,AMZN,SELL,LIMIT,199.24,93,,2065,NEW,
2351,AMZN,SELL,LIMIT,199.21,65,,2066,NEW,
2352,AMZN,BUY,LIMIT,199.15,5,,2067,NEW,
2353,MSFT,BUY,IOC,402.33,80,,2068,NEW,
2354,NVDA,,,,,,,CANCEL,1974
2355,TSLA,BUY,MARKET,,39,,2069,NEW,
2356,GOOGL,,,304.82,26,,,AMEND,998
2357,META,BUY,LIMIT,638.46,32,,2070,NEW,
2358,META,BUY,MARKET,,63,,2071,NEW,
2359,META,,,,,,,CANCEL,260
2360,AMZN,SELL,LIMIT,199.24,6,,2072,NEW,
2361,NVDA,SELL,LIMIT,184.54,96,,2073,NEW,
2362,MSFT,BUY,FOK,402.43,62,,2074,NEW,
2363,META,,,638.51,57,,,AMEND,2003
2364,SPY,SELL,LIMIT,682.87,549,,2075,NEW,
2365,NVDA,,,184.47,51,,,AMEND,425
2366,AMZN,,,,,,,CANCEL,1862
2367,AAPL,,,,,,,CANCEL,591
2368,SPY,SELL,ICEBERG,682.92,1732,66,2076,NEW,
2369,SPY,,,,,,,CANCEL,1394
2370,AMZN,BUY,IOC,199.22,34,,2077,NEW,
2371,NVDA,BUY,LIMIT,184.56,26,,2078,NEW,
2372,AAPL,SELL,LIMIT,256.48,79,,2079,NEW,
2373,AAPL,SELL,LIMIT,256.5,19,,2080,NEW,
2374,AMZN,,,,,,,CANCEL,29950
2375,MSFT,SELL,ICEBERG,402.62,1599,57,2081,NEW,
2376,AAPL,SELL,LIMIT,256.53,98,,2082,NEW,
2377,NVDA,,,,,,,CANCEL,429
2378,GOOGL,BUY,LIMIT,304.92,48,,2083,NEW,
2379,AAPL,SELL,LIMIT,256.52,317,,2084,NEW,
2380,AAPL,SELL,LIMIT,256.53,58,,2085,NEW,
2381,META,,,638.51,55,,,AMEND,258
2382,META,BUY,LIMIT,638.35,65,,2086,NEW,
2383,GOOGL,SELL,LIMIT,305.09,55,,2087,NEW,
2384,TSLA,SELL,LIMIT,420.37,31,,2088,NEW,
2385,NVDA,SELL,IOC,184.64,61,,2089,NEW,
2386,AAPL,BUY,ICEBERG,256.39,1767,62,2090,NEW,
2387,AAPL,SELL,LIMIT,256.47,70,,2091,NEW,
2388,AMZN,BUY,LIMIT,199.18,40,,2092,NEW,
2389,MSFT,SELL,LIMIT,402.58,76,,2093,NEW,
2390,AMZN,BUY,ICEBERG,199.18,1771,34,2094,NEW,
2391,MSFT,BUY,LIMIT,402.43,49,,2095,NEW,
2392,META,SELL,LIMIT,638.82,24,,2096,NEW,
2393,AAPL,,,,,,,CANCEL,1833
2394,AMZN,SELL,LIMIT,199.26,55,,2097,NEW,
2395,TSLA,BUY,ICEBERG,419.98,853,18,2098,NEW,
2396,META,BUY,LIMIT,638.52,91,,2099,NEW,
2397,AAPL,BUY,IOC,256.43,657,,2100,NEW,
2398,NVDA,SELL,MARKET,,60,,2101,NEW,
2399,NVDA,BUY,MARKET,,82,,2102,NEW,
2400,AAPL,SELL,LIMIT,256.58,90,,2103,NEW,
2401,MSFT,,,402.43,2,,,AMEND,497
2402,META,SELL,LIMIT,638.74,14,,2104,NEW,
2403,AAPL,SELL,MARKET,,75,,2105,NEW,
2404,TSLA,SELL,LIMIT,420.14,23,,2106,NEW,
2405,MSFT,SELL,LIMIT,402.64,64,,2107,NEW,
2406,AAPL,,,256.54,90,,,AMEND,1178
2407,SPY,SELL,LIMIT,682.66,79,,2108,NEW,
2408,AAPL,SELL,MARKET,,88,,2109,NEW,
2409,GOOGL,,,,,,,CANCEL,317
2410,GOOGL,SELL,ICEBERG,305.01,1185,90,2110,NEW,
2411,SPY,BUY,LIMIT,682.29,22,,2111,NEW,
2412,SPY,SELL,LIMIT,682.52,9,,2112,NEW,
2413,SPY,SELL,LIMIT,682.47,68,,2113,NEW,
2414,MSFT,BUY,MARKET,,26,,2114,NEW,
2415,AAPL,BUY,ICEBERG,256.46,624,13,2115,NEW,
2416,NVDA,SELL,LIMIT,184.39,52,,2116,NEW,
2417,AAPL,SELL,LIMIT,256.53,805,,2117,NEW,
2418,TSLA,,,,,,,CANCEL,1141
2419,MSFT,,,,,,,CANCEL,1703
2420,NVDA,BUY,IOC,184.29,2,,2118,NEW,
2421,NVDA,SELL,LIMIT,184.34,55,,2119,NEW,
2422,NVDA,SELL,LIMIT,184.32,323,,2120,NEW,
2423,AMZN,SELL,ICEBERG,199.25,1429,185,2121,NEW,
2424,AAPL,SELL,ICEBERG,256.57,297,165,2122,NEW,
2425,META,SELL,LIMIT,639.09,72,,2123,NEW,
2426,META,BUY,MARKET,,42,,2124,NEW,
2427,SPY,BUY,FOK,682.24,359,,2125,NEW,
2428,NVDA,SELL,MARKET,,12,,2126,NEW,
2429,TSLA,BUY,LIMIT,419.95,86,,2127,NEW,
2430,AAPL,BUY,ICEBERG,256.5,1313,194,2128,NEW,
2431,AAPL,BUY,FOK,256.54,31,,2129,NEW,
2432,AAPL,SELL,LIMIT,256.6,60,,2130,NEW,
2433,SPY,BUY,LIMIT,682.37,8,,2131,NEW,
2434,NVDA,,,,,,,CANCEL,1043
2435,MSFT,BUY,LIMIT,402.38,81,,2132,NEW,
2436,MSFT,BUY,ICEBERG,402.24,1526,87,2133,NEW,
2437,AAPL,,,256.6,35,,,AMEND,222
2438,AAPL,BUY,LIMIT,256.51,45,,2134,NEW,
2439,NVDA,,,,,,,CANCEL,71
2440,SPY,SELL,LIMIT,682.54,13,,2135,NEW,
2441,SPY,SELL,FOK,682.57,71,,2136,NEW,
2442,TSLA,BUY,ICEBERG,419.81,444,159,2137,NEW,
2443,AAPL,BUY,MARKET,,364,,2138,NEW,
2444,AAPL,,,,,,,CANCEL,480
2445,TSLA,BUY,LIMIT,419.68,13,,2139,NEW,
2446,MSFT,,,,,,,CANCEL,1514
2447,AMZN,,,,,,,CANCEL,1573
2448,GOOGL,SELL,IOC,304.99,89,,2140,NEW,
2449,AAPL,SELL,ICEBERG,256.62,1756,182,2141,NEW,
2450,TSLA,,,,,,,CANCEL,1945
2451,TSLA,BUY,LIMIT,419.59,46,,2142,NEW,
2452,META,,,,,,,CANCEL,2096
2453,AMZN,,,199.17,77,,,AMEND,928
2454,NVDA,SELL,LIMIT,184.27,89,,2143,NEW,
2455,AMZN,SELL,ICEBERG,199.32,1790,168,2144,NEW,
2456,TSLA,BUY,LIMIT,419.57,49,,2145,NEW,
2457,TSLA,BUY,IOC,419.57,87,,2146,NEW,
2458,AAPL,,,,,,,CANCEL,349
2459,TSLA,BUY,LIMIT,419.62,941,,2147,NEW,
2460,META,BUY,LIMIT,639,53,,2148,NEW,
2461,AAPL,,,256.55,39,,,AMEND,1261
2462,SPY,BUY,ICEBERG,682.6,1559,112,2149,NEW,
2463,GOOGL,,,,,,,CANCEL,44175
2464,SPY,BUY,IOC,682.59,83,,2150,NEW,
2465,SPY,,,,,,,CANCEL,47
2466,META,BUY,FOK,639.07,37,,2151,NEW,
2467,SPY,BUY,ICEBERG,682.63,278,118,2152,NEW,
2468,MSFT,BUY,LIMIT,402.42,34,,2153,NEW,
2469,TSLA,SELL,LIMIT,419.61,66,,2154,NEW,
2470,NVDA,SELL,LIMIT,184.26,19,,2155,NEW,
2471,MSFT,,,402.43,38,,,AMEND,1714
2472,META,BUY,LIMIT,639.4,28,,2156,NEW,
2473,TSLA,,,,,,,CANCEL,12
2474,MSFT,SELL,LIMIT,402.77,50,,2157,NEW,
2475,MSFT,SELL,LIMIT,402.72,758,,2158,NEW,
2476,AMZN,,,199.23,39,,,AMEND,1067
2477,GOOGL,SELL,LIMIT,304.89,48,,2159,NEW,
2478,MSFT,BUY,LIMIT,402.54,55,,2160,NEW,
2479,TSLA,SELL,MARKET,,45,,2161,NEW,
2480,AMZN,BUY,LIMIT,199.22,31,,2162,NEW,
2481,AAPL,BUY,LIMIT,256.52,44,,2163,NEW,
2482,AAPL,BUY,MARKET,,88,,2164,NEW,
2483,TSLA,BUY,IOC,418.93,89,,2165,NEW,
2484,NVDA,SELL,IOC,184.23,842,,2166,NEW,
2485,SPY,SELL,ICEBERG,682.9,1208,43,2167,NEW,
2486,MSFT,BUY,LIMIT,402.52,67,,2168,NEW,
2487,AAPL,BUY,LIMIT,256.46,97,,2169,NEW,
2488,META,SELL,MARKET,,24,,2170,NEW,
2489,AAPL,BUY,LIMIT,256.55,44,,2171,NEW,
2490,MSFT,BUY,LIMIT,402.64,18,,2172,NEW,
2491,MSFT,SELL,LIMIT,402.85,59,,2173,NEW,
2492,NVDA,SELL,ICEBERG,184.31,627,26,2174,NEW,
2493,MSFT,BUY,LIMIT,402.68,98,,2175,NEW,
2494,META,,,,,,,CANCEL,227
2495,GOOGL,SELL,IOC,304.97,76,,2176,NEW,
2496,MSFT,BUY,LIMIT,402.52,60,,2177,NEW,
