seq,symbol,side,type,price,qty,order_id,action,ref_id
1,NVDA,SELL,LIMIT,182.93,64,1,NEW,
2,SPY,SELL,LIMIT,681.79,8,2,NEW,
3,META,BUY,LIMIT,639.6,80,3,NEW,
4,TSLA,SELL,LIMIT,417.58,63,4,NEW,
5,META,SELL,LIMIT,639.54,51,5,NEW,
6,TSLA,SELL,LIMIT,417.47,7,6,NEW,
7,MSFT,SELL,LIMIT,401.48,95,7,NEW,
8,SPY,SELL,LIMIT,681.7,54,8,NEW,
9,AMZN,SELL,LIMIT,198.8,59,9,NEW,
10,MSFT,SELL,LIMIT,401.52,67,10,NEW,
11,SPY,SELL,LIMIT,681.73,912,11,NEW,
12,TSLA,BUY,LIMIT,417.45,39,12,NEW,
13,NVDA,BUY,LIMIT,182.82,37,13,NEW,
14,AAPL,SELL,LIMIT,255.79,44,14,NEW,
15,NVDA,SELL,LIMIT,182.84,30,15,NEW,
16,MSFT,SELL,LIMIT,401.5,86,16,NEW,
17,GOOGL,SELL,LIMIT,305.72,96,17,NEW,
18,SPY,BUY,LIMIT,681.52,94,18,NEW,
19,AAPL,BUY,LIMIT,255.63,17,19,NEW,
20,AMZN,BUY,LIMIT,198.72,67,20,NEW,
21,NVDA,SELL,LIMIT,182.98,20,21,NEW,
22,AAPL,BUY,LIMIT,255.63,2,22,NEW,
23,AAPL,SELL,LIMIT,255.69,76,23,NEW,
24,NVDA,BUY,LIMIT,182.96,68,24,NEW,
25,GOOGL,BUY,LIMIT,305.58,24,25,NEW,
26,AMZN,SELL,LIMIT,198.76,69,26,NEW,
27,NVDA,SELL,LIMIT,183.06,5,27,NEW,
28,AAPL,BUY,LIMIT,255.66,10,28,NEW,
29,NVDA,SELL,LIMIT,183.06,87,29,NEW,
30,NVDA,SELL,LIMIT,183.13,47,30,NEW,
31,SPY,SELL,LIMIT,681.57,15,31,NEW,
32,AAPL,SELL,LIMIT,255.71,7,32,NEW,
33,NVDA,SELL,LIMIT,183.2,53,33,NEW,
34,TSLA,BUY,LIMIT,417.23,52,34,NEW,
35,AMZN,BUY,LIMIT,198.65,57,35,NEW,
36,META,BUY,LIMIT,639.47,88,36,NEW,
37,SPY,SELL,LIMIT,681.7,63,37,NEW,
38,AMZN,BUY,LIMIT,198.68,811,38,NEW,
39,AAPL,BUY,LIMIT,255.66,63,39,NEW,
40,AAPL,SELL,LIMIT,255.72,84,40,NEW,
41,AMZN,BUY,LIMIT,198.71,10,41,NEW,
42,AMZN,BUY,LIMIT,198.7,24,42,NEW,
43,TSLA,BUY,LIMIT,417.21,27,43,NEW,
44,AAPL,BUY,LIMIT,255.67,615,44,NEW,
45,MSFT,BUY,LIMIT,401.41,783,45,NEW,
46,NVDA,BUY,LIMIT,183.15,62,46,NEW,
47,GOOGL,BUY,LIMIT,305.64,44,47,NEW,
48,TSLA,SELL,LIMIT,417.48,41,48,NEW,
49,TSLA,SELL,LIMIT,417.34,99,49,NEW,
50,GOOGL,SELL,LIMIT,305.7,6,50,NEW,
51,META,SELL,LIMIT,639.81,56,51,NEW,
52,AAPL,SELL,LIMIT,255.77,60,52,NEW,
53,NVDA,SELL,LIMIT,183.38,95,53,NEW,
54,AMZN,BUY,LIMIT,198.67,83,54,NEW,
55,MSFT,BUY,LIMIT,401.41,43,55,NEW,
56,AMZN,SELL,LIMIT,198.71,91,56,NEW,
57,GOOGL,BUY,LIMIT,305.55,21,57,NEW,
58,NVDA,BUY,LIMIT,183.34,30,58,NEW,
59,TSLA,SELL,LIMIT,417.38,77,59,NEW,
60,TSLA,BUY,LIMIT,417.19,34,60,NEW,
61,NVDA,BUY,LIMIT,183.31,16,61,NEW,
62,AAPL,BUY,LIMIT,255.62,78,62,NEW,
63,SPY,BUY,LIMIT,681.41,74,63,NEW,
64,MSFT,SELL,LIMIT,401.51,34,64,NEW,
65,NVDA,SELL,LIMIT,183.37,915,65,NEW,
66,AMZN,SELL,LIMIT,198.69,393,66,NEW,
67,AMZN,SELL,LIMIT,198.68,92,67,NEW,
68,TSLA,SELL,LIMIT,417.41,79,68,NEW,
69,TSLA,SELL,LIMIT,417.6,91,69,NEW,
70,NVDA,BUY,LIMIT,183.34,82,70,NEW,
71,SPY,BUY,LIMIT,681.52,40,71,NEW,
72,AMZN,BUY,LIMIT,198.58,55,72,NEW,
73,AMZN,SELL,LIMIT,198.64,87,73,NEW,
74,GOOGL,SELL,LIMIT,305.78,100,74,NEW,
75,MSFT,BUY,LIMIT,401.37,82,75,NEW,
76,AAPL,SELL,LIMIT,255.69,46,76,NEW,
77,TSLA,SELL,LIMIT,417.75,32,77,NEW,
78,TSLA,BUY,LIMIT,417.45,4,78,NEW,
79,SPY,SELL,LIMIT,681.8,39,79,NEW,
80,MSFT,SELL,LIMIT,401.39,24,80,NEW,
81,GOOGL,SELL,LIMIT,305.77,37,81,NEW,
82,GOOGL,SELL,LIMIT,305.85,77,82,NEW,
83,NVDA,SELL,LIMIT,183.35,79,83,NEW,
84,SPY,SELL,LIMIT,681.82,11,84,NEW,
85,GOOGL,BUY,LIMIT,305.78,42,85,NEW,
86,GOOGL,SELL,LIMIT,305.86,73,86,NEW,
87,SPY,SELL,LIMIT,681.82,24,87,NEW,
88,MSFT,BUY,LIMIT,401.24,88,88,NEW,
89,AAPL,BUY,LIMIT,255.6,33,89,NEW,
90,MSFT,BUY,LIMIT,401.32,77,90,NEW,
91,MSFT,SELL,LIMIT,401.59,39,91,NEW,
92,SPY,SELL,LIMIT,681.67,66,92,NEW,
93,AAPL,BUY,LIMIT,255.54,47,93,NEW,
94,AAPL,BUY,LIMIT,255.51,64,94,NEW,
95,GOOGL,BUY,LIMIT,305.64,275,95,NEW,
96,AAPL,BUY,LIMIT,255.46,81,96,NEW,
97,SPY,BUY,LIMIT,681.51,45,97,NEW,
98,MSFT,BUY,LIMIT,401.4,84,98,NEW,
99,TSLA,SELL,LIMIT,417.89,50,99,NEW,
100,META,BUY,LIMIT,639.3,46,100,NEW,
101,MSFT,BUY,LIMIT,401.37,670,101,NEW,
102,AMZN,SELL,LIMIT,198.62,60,102,NEW,
103,AAPL,SELL,LIMIT,255.56,84,103,NEW,
104,META,BUY,LIMIT,639.16,9,104,NEW,
105,MSFT,BUY,LIMIT,401.37,93,105,NEW,
106,MSFT,SELL,LIMIT,401.64,93,106,NEW,
107,GOOGL,BUY,LIMIT,305.58,94,107,NEW,
108,META,BUY,LIMIT,639.01,40,108,NEW,
109,TSLA,SELL,LIMIT,418.08,42,109,NEW,
110,TSLA,BUY,LIMIT,418.05,84,110,NEW,
111,AAPL,BUY,LIMIT,255.42,68,111,NEW,
112,MSFT,BUY,LIMIT,401.5,55,112,NEW,
113,TSLA,BUY,LIMIT,417.9,3,113,NEW,
114,AMZN,SELL,LIMIT,198.66,39,114,NEW,
115,TSLA,SELL,LIMIT,418.1,1,115,NEW,
116,AMZN,BUY,LIMIT,198.56,40,116,NEW,
117,AAPL,SELL,LIMIT,255.5,91,117,NEW,
118,META,BUY,LIMIT,638.77,32,118,NEW,
119,AAPL,SELL,LIMIT,255.53,92,119,NEW,
120,SPY,SELL,LIMIT,681.68,37,120,NEW,
121,GOOGL,BUY,LIMIT,305.59,95,121,NEW,
122,SPY,SELL,LIMIT,681.82,89,122,NEW,
123,NVDA,BUY,LIMIT,183.29,57,123,NEW,
124,MSFT,BUY,LIMIT,401.51,22,124,NEW,
125,AAPL,SELL,LIMIT,255.57,23,125,NEW,
126,META,SELL,LIMIT,639.06,60,126,NEW,
127,NVDA,BUY,LIMIT,183.42,489,127,NEW,
128,TSLA,SELL,LIMIT,418.32,70,128,NEW,
129,NVDA,SELL,LIMIT,183.41,27,129,NEW,
130,AAPL,SELL,LIMIT,255.53,61,130,NEW,
131,AAPL,BUY,LIMIT,255.41,32,131,NEW,
132,MSFT,BUY,LIMIT,401.43,640,132,NEW,
133,AMZN,SELL,LIMIT,198.66,585,133,NEW,
134,NVDA,BUY,LIMIT,183.37,23,134,NEW,
135,GOOGL,BUY,LIMIT,305.5,28,135,NEW,
136,SPY,SELL,LIMIT,681.79,19,136,NEW,
137,AMZN,BUY,LIMIT,198.56,557,137,NEW,
138,GOOGL,BUY,LIMIT,305.58,58,138,NEW,
139,META,SELL,LIMIT,639.18,60,139,NEW,
140,TSLA,BUY,LIMIT,417.83,77,140,NEW,
141,SPY,BUY,LIMIT,681.65,52,141,NEW,
142,META,SELL,LIMIT,639.15,76,142,NEW,
143,META,BUY,LIMIT,638.92,75,143,NEW,
144,GOOGL,SELL,LIMIT,305.83,69,144,NEW,
145,NVDA,BUY,LIMIT,183.37,34,145,NEW,
146,SPY,BUY,LIMIT,681.6,43,146,NEW,
147,AAPL,SELL,LIMIT,255.43,19,147,NEW,
148,NVDA,SELL,LIMIT,183.49,18,148,NEW,
149,SPY,SELL,LIMIT,681.74,928,149,NEW,
150,GOOGL,BUY,LIMIT,305.64,91,150,NEW,
151,MSFT,BUY,LIMIT,401.37,82,151,NEW,
152,TSLA,BUY,LIMIT,418,49,152,NEW,
153,NVDA,SELL,LIMIT,183.43,82,153,NEW,
154,TSLA,SELL,LIMIT,418.47,415,154,NEW,
155,AAPL,BUY,LIMIT,255.42,40,155,NEW,
156,NVDA,SELL,LIMIT,183.43,44,156,NEW,
157,META,SELL,LIMIT,639.24,999,157,NEW,
158,NVDA,SELL,LIMIT,183.44,82,158,NEW,
159,GOOGL,SELL,LIMIT,305.73,82,159,NEW,
160,META,BUY,LIMIT,639.38,40,160,NEW,
161,GOOGL,BUY,LIMIT,305.62,554,161,NEW,
162,META,SELL,LIMIT,639.61,688,162,NEW,
163,META,SELL,LIMIT,639.63,69,163,NEW,
164,GOOGL,SELL,LIMIT,305.78,713,164,NEW,
165,MSFT,SELL,LIMIT,401.48,27,165,NEW,
166,AAPL,BUY,LIMIT,255.42,14,166,NEW,
167,AAPL,SELL,LIMIT,255.54,43,167,NEW,
168,TSLA,SELL,LIMIT,418.68,80,168,NEW,
169,TSLA,BUY,LIMIT,418.57,2,169,NEW,
170,TSLA,BUY,LIMIT,418.5,74,170,NEW,
171,NVDA,BUY,LIMIT,183.39,62,171,NEW,
172,AMZN,BUY,LIMIT,198.54,25,172,NEW,
173,SPY,BUY,LIMIT,681.57,54,173,NEW,
174,MSFT,BUY,LIMIT,401.31,49,174,NEW,
175,SPY,SELL,LIMIT,682.05,7,175,NEW,
176,GOOGL,BUY,LIMIT,305.68,264,176,NEW,
177,MSFT,SELL,LIMIT,401.47,27,177,NEW,
178,AMZN,SELL,LIMIT,198.6,20,178,NEW,
179,GOOGL,BUY,LIMIT,305.67,64,179,NEW,
180,AAPL,BUY,LIMIT,255.36,79,180,NEW,
181,NVDA,SELL,LIMIT,183.46,83,181,NEW,
182,SPY,SELL,LIMIT,681.93,43,182,NEW,
183,NVDA,SELL,LIMIT,183.41,100,183,NEW,
184,MSFT,SELL,LIMIT,401.47,43,184,NEW,
185,MSFT,SELL,LIMIT,401.38,94,185,NEW,
186,AMZN,SELL,LIMIT,198.59,26,186,NEW,
187,SPY,SELL,LIMIT,681.98,79,187,NEW,
188,MSFT,BUY,LIMIT,401.19,81,188,NEW,
189,META,SELL,LIMIT,640.19,95,189,NEW,
190,GOOGL,SELL,LIMIT,305.75,89,190,NEW,
191,NVDA,SELL,LIMIT,183.32,38,191,NEW,
192,META,BUY,LIMIT,639.57,87,192,NEW,
193,AAPL,SELL,LIMIT,255.51,15,193,NEW,
194,NVDA,BUY,LIMIT,183.26,84,194,NEW,
195,TSLA,SELL,LIMIT,418.66,93,195,NEW,
196,SPY,BUY,LIMIT,681.72,47,196,NEW,
197,AMZN,SELL,LIMIT,198.51,20,197,NEW,
198,AMZN,SELL,LIMIT,198.54,73,198,NEW,
199,SPY,SELL,LIMIT,682.06,90,199,NEW,
200,AAPL,BUY,LIMIT,255.38,78,200,NEW,
201,AAPL,SELL,LIMIT,255.48,16,201,NEW,
202,AMZN,BUY,LIMIT,198.43,2,202,NEW,
203,NVDA,BUY,LIMIT,183.25,27,203,NEW,
204,AAPL,BUY,LIMIT,255.39,60,204,NEW,
205,MSFT,BUY,LIMIT,401.15,20,205,NEW,
206,NVDA,BUY,LIMIT,183.38,36,206,NEW,
207,SPY,SELL,LIMIT,682.19,63,207,NEW,
208,MSFT,BUY,LIMIT,401.21,71,208,NEW,
209,NVDA,SELL,LIMIT,183.48,321,209,NEW,
210,GOOGL,BUY,LIMIT,305.69,100,210,NEW,
211,TSLA,BUY,LIMIT,418.53,8,211,NEW,
212,META,BUY,LIMIT,639.41,537,212,NEW,
213,MSFT,BUY,LIMIT,401.12,42,213,NEW,
214,AAPL,BUY,LIMIT,255.36,344,214,NEW,
215,SPY,SELL,LIMIT,682.24,411,215,NEW,
216,AMZN,BUY,LIMIT,198.41,8,216,NEW,
217,NVDA,BUY,LIMIT,183.43,62,217,NEW,
218,NVDA,BUY,LIMIT,183.36,86,218,NEW,
219,AAPL,BUY,LIMIT,255.3,7,219,NEW,
220,AMZN,BUY,LIMIT,198.46,90,220,NEW,
221,AMZN,BUY,LIMIT,198.51,72,221,NEW,
222,MSFT,SELL,LIMIT,401.35,990,222,NEW,
223,TSLA,BUY,LIMIT,418.65,55,223,NEW,
224,META,BUY,LIMIT,639.36,1,224,NEW,
225,MSFT,BUY,LIMIT,401.26,22,225,NEW,
226,SPY,BUY,LIMIT,681.91,22,226,NEW,
227,AAPL,SELL,LIMIT,255.32,900,227,NEW,
228,TSLA,BUY,LIMIT,418.72,729,228,NEW,
229,NVDA,SELL,LIMIT,183.45,34,229,NEW,
230,TSLA,SELL,LIMIT,418.83,19,230,NEW,
231,MSFT,BUY,LIMIT,401.12,4,231,NEW,
232,AAPL,BUY,LIMIT,255.15,83,232,NEW,
233,TSLA,SELL,LIMIT,418.76,1,233,NEW,
234,TSLA,BUY,LIMIT,418.34,13,234,NEW,
235,GOOGL,BUY,LIMIT,305.71,17,235,NEW,
236,AMZN,BUY,LIMIT,198.51,64,236,NEW,
237,GOOGL,SELL,LIMIT,305.89,27,237,NEW,
238,SPY,BUY,LIMIT,681.85,44,238,NEW,
239,AMZN,SELL,LIMIT,198.61,80,239,NEW,
240,META,SELL,LIMIT,639.49,41,240,NEW,
241,AAPL,BUY,LIMIT,255.12,67,241,NEW,
242,NVDA,BUY,LIMIT,183.28,47,242,NEW,
243,NVDA,BUY,LIMIT,183.25,40,243,NEW,
244,TSLA,BUY,LIMIT,418.27,76,244,NEW,
245,META,SELL,LIMIT,639.46,45,245,NEW,
246,MSFT,BUY,LIMIT,401.05,88,246,NEW,
247,TSLA,SELL,LIMIT,418.74,73,247,NEW,
248,META,SELL,LIMIT,639.65,55,248,NEW,
249,GOOGL,SELL,LIMIT,306.02,38,249,NEW,
250,MSFT,BUY,LIMIT,401.08,1,250,NEW,
251,NVDA,BUY,LIMIT,183.2,35,251,NEW,
252,AAPL,SELL,LIMIT,255.19,44,252,NEW,
253,GOOGL,BUY,LIMIT,305.94,80,253,NEW,
254,META,SELL,LIMIT,639.88,60,254,NEW,
255,AAPL,SELL,LIMIT,255.11,94,255,NEW,
256,SPY,SELL,LIMIT,681.97,93,256,NEW,
257,META,SELL,LIMIT,639.73,452,257,NEW,
258,AMZN,BUY,LIMIT,198.52,2,258,NEW,
259,AAPL,BUY,LIMIT,255.03,11,259,NEW,
260,MSFT,BUY,LIMIT,401.03,23,260,NEW,
261,META,SELL,LIMIT,639.6,84,261,NEW,
262,MSFT,SELL,LIMIT,401.2,62,262,NEW,
263,AMZN,SELL,LIMIT,198.58,7,263,NEW,
264,NVDA,SELL,LIMIT,183.32,40,264,NEW,
265,TSLA,SELL,LIMIT,418.87,88,265,NEW,
266,MSFT,SELL,LIMIT,401.15,77,266,NEW,
267,MSFT,SELL,LIMIT,401.08,88,267,NEW,
268,AMZN,SELL,LIMIT,198.59,64,268,NEW,
269,GOOGL,SELL,LIMIT,305.93,91,269,NEW,
270,AAPL,BUY,LIMIT,255.06,727,270,NEW,
271,AAPL,BUY,LIMIT,255.13,92,271,NEW,
272,SPY,BUY,LIMIT,681.78,68,272,NEW,
273,META,SELL,LIMIT,639.43,35,273,NEW,
274,AMZN,BUY,LIMIT,198.63,73,274,NEW,
275,SPY,SELL,LIMIT,682.15,1,275,NEW,
276,GOOGL,SELL,LIMIT,306.08,77,276,NEW,
277,SPY,BUY,LIMIT,681.7,36,277,NEW,
278,AMZN,SELL,LIMIT,198.72,63,278,NEW,
279,AAPL,SELL,LIMIT,255.25,24,279,NEW,
280,SPY,SELL,LIMIT,682.2,47,280,NEW,
281,GOOGL,SELL,LIMIT,306.1,460,281,NEW,
282,AMZN,SELL,LIMIT,198.63,47,282,NEW,
283,GOOGL,BUY,LIMIT,305.94,59,283,NEW,
284,MSFT,SELL,LIMIT,401.14,90,284,NEW,
285,META,SELL,LIMIT,639.46,201,285,NEW,
286,MSFT,SELL,LIMIT,401.17,100,286,NEW,
287,TSLA,BUY,LIMIT,418.75,3,287,NEW,
288,MSFT,BUY,LIMIT,401.23,96,288,NEW,
289,GOOGL,SELL,LIMIT,305.99,79,289,NEW,
290,TSLA,SELL,LIMIT,419.22,99,290,NEW,
291,AAPL,BUY,LIMIT,255.19,5,291,NEW,
292,META,BUY,LIMIT,639.39,450,292,NEW,
293,META,BUY,LIMIT,639.22,35,293,NEW,
294,TSLA,BUY,LIMIT,419.18,92,294,NEW,
295,AMZN,SELL,LIMIT,198.62,51,295,NEW,
296,AAPL,SELL,LIMIT,255.34,63,296,NEW,
297,NVDA,SELL,LIMIT,183.31,40,297,NEW,
298,MSFT,SELL,LIMIT,401.36,62,298,NEW,
299,AAPL,SELL,LIMIT,255.31,85,299,NEW,
300,GOOGL,SELL,LIMIT,306.02,83,300,NEW,
301,TSLA,BUY,LIMIT,419.34,304,301,NEW,
302,AAPL,BUY,LIMIT,255.18,63,302,NEW,
303,MSFT,SELL,LIMIT,401.21,53,303,NEW,
304,META,BUY,LIMIT,639.07,37,304,NEW,
305,AAPL,SELL,LIMIT,255.25,16,305,NEW,
306,MSFT,BUY,LIMIT,401.14,100,306,NEW,
307,TSLA,BUY,LIMIT,419.35,51,307,NEW,
308,AAPL,BUY,LIMIT,255.25,17,308,NEW,
309,SPY,SELL,LIMIT,682,55,309,NEW,
310,TSLA,SELL,LIMIT,419.63,712,310,NEW,
311,MSFT,BUY,LIMIT,401.05,34,311,NEW,
312,AMZN,SELL,LIMIT,198.6,100,312,NEW,
313,GOOGL,SELL,LIMIT,305.91,5,313,NEW,
314,TSLA,BUY,LIMIT,419.64,93,314,NEW,
315,SPY,BUY,LIMIT,681.84,25,315,NEW,
316,GOOGL,BUY,LIMIT,305.67,459,316,NEW,
317,NVDA,BUY,LIMIT,183.22,37,317,NEW,
318,MSFT,SELL,LIMIT,401.26,17,318,NEW,
319,SPY,SELL,LIMIT,681.92,78,319,NEW,
320,NVDA,BUY,LIMIT,183.27,88,320,NEW,
321,NVDA,BUY,LIMIT,183.24,18,321,NEW,
322,SPY,SELL,LIMIT,682.12,44,322,NEW,
323,AAPL,BUY,LIMIT,255.26,19,323,NEW,
324,META,BUY,LIMIT,639.26,76,324,NEW,
325,AAPL,BUY,LIMIT,255.18,11,325,NEW,
326,SPY,SELL,LIMIT,682.24,641,326,NEW,
327,SPY,SELL,LIMIT,682.13,65,327,NEW,
328,GOOGL,SELL,LIMIT,305.81,56,328,NEW,
329,NVDA,SELL,LIMIT,183.23,91,329,NEW,
330,AMZN,SELL,LIMIT,198.58,100,330,NEW,
331,AMZN,BUY,LIMIT,198.48,76,331,NEW,
332,AAPL,BUY,LIMIT,255.25,29,332,NEW,
333,SPY,SELL,LIMIT,682.1,91,333,NEW,
334,AMZN,BUY,LIMIT,198.47,21,334,NEW,
335,AMZN,BUY,LIMIT,198.47,23,335,NEW,
336,SPY,SELL,LIMIT,682.15,867,336,NEW,
337,MSFT,BUY,LIMIT,401.01,76,337,NEW,
338,NVDA,BUY,LIMIT,183.2,90,338,NEW,
339,AAPL,BUY,LIMIT,255.16,33,339,NEW,
340,MSFT,BUY,LIMIT,400.95,67,340,NEW,
341,TSLA,BUY,LIMIT,419.37,14,341,NEW,
342,AMZN,SELL,LIMIT,198.51,15,342,NEW,
343,AMZN,SELL,LIMIT,198.47,615,343,NEW,
344,GOOGL,SELL,LIMIT,305.92,72,344,NEW,
345,SPY,BUY,LIMIT,681.78,27,345,NEW,
346,SPY,SELL,LIMIT,681.84,44,346,NEW,
347,MSFT,BUY,LIMIT,400.93,6,347,NEW,
348,MSFT,BUY,LIMIT,400.94,935,348,NEW,
349,META,BUY,LIMIT,639.35,53,349,NEW,
350,SPY,BUY,LIMIT,681.62,636,350,NEW,
351,TSLA,SELL,LIMIT,419.78,87,351,NEW,
352,GOOGL,BUY,LIMIT,305.74,42,352,NEW,
353,SPY,SELL,LIMIT,681.79,41,353,NEW,
354,AAPL,SELL,LIMIT,255.33,93,354,NEW,
355,NVDA,SELL,LIMIT,183.21,84,355,NEW,
356,GOOGL,BUY,LIMIT,305.75,91,356,NEW,
357,GOOGL,BUY,LIMIT,305.7,87,357,NEW,
358,META,BUY,LIMIT,639.28,572,358,NEW,
359,AAPL,BUY,LIMIT,255.24,29,359,NEW,
360,AAPL,SELL,LIMIT,255.29,60,360,NEW,
361,META,SELL,LIMIT,639.82,40,361,NEW,
362,MSFT,SELL,LIMIT,401.15,34,362,NEW,
363,TSLA,BUY,LIMIT,419.63,785,363,NEW,
364,META,BUY,LIMIT,639.44,67,364,NEW,
365,META,SELL,LIMIT,639.61,84,365,NEW,
366,MSFT,BUY,LIMIT,401,26,366,NEW,
367,MSFT,SELL,LIMIT,401.07,25,367,NEW,
368,MSFT,BUY,LIMIT,400.88,94,368,NEW,
369,SPY,SELL,LIMIT,681.73,15,369,NEW,
370,AAPL,BUY,LIMIT,255.24,14,370,NEW,
371,NVDA,BUY,LIMIT,183.22,80,371,NEW,
372,AAPL,BUY,LIMIT,255.18,28,372,NEW,
373,AMZN,BUY,LIMIT,198.39,99,373,NEW,
374,META,BUY,LIMIT,639.6,60,374,NEW,
375,TSLA,SELL,LIMIT,419.7,44,375,NEW,
376,GOOGL,BUY,LIMIT,305.74,64,376,NEW,
377,MSFT,SELL,LIMIT,400.97,228,377,NEW,
378,SPY,BUY,LIMIT,681.71,23,378,NEW,
379,MSFT,SELL,LIMIT,400.79,8,379,NEW,
380,AMZN,SELL,LIMIT,198.44,91,380,NEW,
381,TSLA,SELL,LIMIT,419.6,37,381,NEW,
382,TSLA,SELL,LIMIT,419.54,51,382,NEW,
383,GOOGL,SELL,LIMIT,305.86,47,383,NEW,
384,SPY,SELL,LIMIT,682.03,75,384,NEW,
385,AMZN,SELL,LIMIT,198.51,9,385,NEW,
386,MSFT,BUY,LIMIT,400.57,70,386,NEW,
387,GOOGL,SELL,LIMIT,305.89,1,387,NEW,
388,NVDA,SELL,LIMIT,183.19,47,388,NEW,
389,MSFT,SELL,LIMIT,400.67,75,389,NEW,
390,MSFT,BUY,LIMIT,400.51,88,390,NEW,
391,AMZN,BUY,LIMIT,198.5,91,391,NEW,
392,TSLA,BUY,LIMIT,419.35,69,392,NEW,
393,TSLA,SELL,LIMIT,419.3,48,393,NEW,
394,SPY,BUY,LIMIT,681.64,73,394,NEW,
395,AAPL,SELL,LIMIT,255.21,30,395,NEW,
396,META,SELL,LIMIT,639.46,13,396,NEW,
397,NVDA,SELL,LIMIT,183.24,7,397,NEW,
398,MSFT,BUY,LIMIT,400.68,26,398,NEW,
399,GOOGL,SELL,LIMIT,305.8,51,399,NEW,
400,SPY,SELL,LIMIT,681.98,71,400,NEW,
401,SPY,BUY,LIMIT,681.85,81,401,NEW,
402,NVDA,BUY,LIMIT,183.23,251,402,NEW,
403,AAPL,BUY,LIMIT,255.1,325,403,NEW,
404,SPY,SELL,LIMIT,682.03,40,404,NEW,
405,NVDA,BUY,LIMIT,183.19,68,405,NEW,
406,MSFT,BUY,LIMIT,400.75,86,406,NEW,
407,GOOGL,BUY,LIMIT,305.59,20,407,NEW,
408,AAPL,BUY,LIMIT,255.14,76,408,NEW,
409,META,SELL,LIMIT,639.23,49,409,NEW,
410,SPY,BUY,LIMIT,681.9,46,410,NEW,
411,GOOGL,BUY,LIMIT,305.55,36,411,NEW,
412,TSLA,SELL,LIMIT,419.19,85,412,NEW,
413,GOOGL,SELL,LIMIT,305.66,74,413,NEW,
414,GOOGL,BUY,LIMIT,305.43,31,414,NEW,
415,SPY,SELL,LIMIT,682.15,60,415,NEW,
416,MSFT,BUY,LIMIT,400.75,44,416,NEW,
417,TSLA,SELL,LIMIT,418.93,91,417,NEW,
418,META,SELL,LIMIT,639.27,96,418,NEW,
419,MSFT,BUY,LIMIT,400.57,35,419,NEW,
420,META,BUY,LIMIT,638.93,37,420,NEW,
421,TSLA,BUY,LIMIT,418.78,51,421,NEW,
422,AMZN,SELL,LIMIT,198.57,14,422,NEW,
423,SPY,BUY,LIMIT,681.85,67,423,NEW,
424,NVDA,BUY,LIMIT,183.15,38,424,NEW,
425,TSLA,SELL,LIMIT,419.04,32,425,NEW,
426,MSFT,BUY,LIMIT,400.55,5,426,NEW,
427,NVDA,BUY,LIMIT,183.09,45,427,NEW,
428,SPY,SELL,LIMIT,682.37,696,428,NEW,
429,META,SELL,LIMIT,639.05,50,429,NEW,
430,META,BUY,LIMIT,638.9,712,430,NEW,
431,GOOGL,BUY,LIMIT,305.51,46,431,NEW,
432,AAPL,BUY,LIMIT,255.19,17,432,NEW,
433,SPY,BUY,LIMIT,682.25,62,433,NEW,
434,GOOGL,SELL,LIMIT,305.53,62,434,NEW,
435,MSFT,BUY,LIMIT,400.54,14,435,NEW,
436,NVDA,SELL,LIMIT,183.18,82,436,NEW,
437,AAPL,BUY,LIMIT,255.14,56,437,NEW,
438,NVDA,SELL,LIMIT,183.19,100,438,NEW,
439,MSFT,SELL,LIMIT,400.68,65,439,NEW,
440,MSFT,BUY,LIMIT,400.46,46,440,NEW,
441,SPY,BUY,LIMIT,682.33,76,441,NEW,
442,SPY,BUY,LIMIT,682.34,76,442,NEW,
443,NVDA,SELL,LIMIT,183.07,39,443,NEW,
444,MSFT,BUY,LIMIT,400.54,50,444,NEW,
445,AAPL,SELL,LIMIT,255.24,5,445,NEW,
446,SPY,BUY,LIMIT,682.28,31,446,NEW,
447,MSFT,BUY,LIMIT,400.57,73,447,NEW,
448,NVDA,SELL,LIMIT,183.02,20,448,NEW,
449,TSLA,BUY,LIMIT,419.06,99,449,NEW,
450,SPY,SELL,LIMIT,682.42,2,450,NEW,
451,NVDA,BUY,LIMIT,182.96,536,451,NEW,
452,MSFT,BUY,LIMIT,400.75,49,452,NEW,
453,META,SELL,LIMIT,638.92,7,453,NEW,
454,NVDA,SELL,LIMIT,183.07,79,454,NEW,
455,META,BUY,LIMIT,638.71,8,455,NEW,
456,SPY,SELL,LIMIT,682.2,92,456,NEW,
457,GOOGL,SELL,LIMIT,305.57,68,457,NEW,
458,SPY,SELL,LIMIT,682.12,44,458,NEW,
459,META,SELL,LIMIT,638.67,90,459,NEW,
460,META,SELL,LIMIT,638.46,365,460,NEW,
461,GOOGL,SELL,LIMIT,305.64,5,461,NEW,
462,TSLA,BUY,LIMIT,418.87,23,462,NEW,
463,MSFT,SELL,LIMIT,400.92,81,463,NEW,
464,AMZN,SELL,LIMIT,198.46,36,464,NEW,
465,GOOGL,SELL,LIMIT,305.68,57,465,NEW,
466,NVDA,SELL,LIMIT,183.09,2,466,NEW,
467,SPY,SELL,LIMIT,682.03,10,467,NEW,
468,AAPL,SELL,LIMIT,255.27,7,468,NEW,
469,NVDA,SELL,LIMIT,183.02,6,469,NEW,
470,AMZN,SELL,LIMIT,198.46,51,470,NEW,
471,MSFT,SELL,LIMIT,400.9,32,471,NEW,
472,TSLA,SELL,LIMIT,418.81,38,472,NEW,
473,AAPL,SELL,LIMIT,255.26,612,473,NEW,
474,GOOGL,SELL,LIMIT,305.57,53,474,NEW,
475,AMZN,BUY,LIMIT,198.33,698,475,NEW,
476,TSLA,BUY,LIMIT,418.84,26,476,NEW,
477,GOOGL,SELL,LIMIT,305.67,86,477,NEW,
478,MSFT,SELL,LIMIT,400.73,71,478,NEW,
479,AMZN,BUY,LIMIT,198.42,57,479,NEW,
480,TSLA,BUY,LIMIT,418.61,25,480,NEW,
481,SPY,SELL,LIMIT,681.87,71,481,NEW,
482,AMZN,SELL,LIMIT,198.47,57,482,NEW,
483,NVDA,BUY,LIMIT,183,33,483,NEW,
484,TSLA,BUY,LIMIT,418.8,18,484,NEW,
485,MSFT,SELL,LIMIT,400.62,6,485,NEW,
486,META,BUY,LIMIT,638.29,98,486,NEW,
487,AMZN,BUY,LIMIT,198.34,65,487,NEW,
488,AAPL,BUY,LIMIT,255.07,82,488,NEW,
489,SPY,SELL,LIMIT,681.73,17,489,NEW,
490,META,SELL,LIMIT,638.48,48,490,NEW,
491,AMZN,BUY,LIMIT,198.34,97,491,NEW,
492,AMZN,SELL,LIMIT,198.43,16,492,NEW,
493,NVDA,SELL,LIMIT,183.08,241,493,NEW,
494,TSLA,SELL,LIMIT,419.02,50,494,NEW,
495,AAPL,SELL,LIMIT,255.15,25,495,NEW,
496,AMZN,SELL,LIMIT,198.38,394,496,NEW,
497,TSLA,BUY,LIMIT,418.8,44,497,NEW,
498,SPY,SELL,LIMIT,681.83,2,498,NEW,
499,SPY,SELL,LIMIT,681.9,6,499,NEW,
500,AAPL,BUY,LIMIT,255.08,11,500,NEW,
501,TSLA,BUY,LIMIT,418.72,98,501,NEW,
502,AMZN,BUY,LIMIT,198.24,52,502,NEW,
503,MSFT,SELL,LIMIT,400.48,41,503,NEW,
504,AMZN,BUY,LIMIT,198.23,82,504,NEW,
505,SPY,BUY,LIMIT,681.68,99,505,NEW,
506,SPY,BUY,LIMIT,681.56,87,506,NEW,
507,MSFT,SELL,LIMIT,400.64,3,507,NEW,
508,GOOGL,SELL,LIMIT,305.65,68,508,NEW,
509,SPY,BUY,LIMIT,681.6,87,509,NEW,
510,GOOGL,BUY,LIMIT,305.48,99,510,NEW,
511,AMZN,BUY,LIMIT,198.2,56,511,NEW,
512,AAPL,SELL,LIMIT,255.17,24,512,NEW,
513,MSFT,SELL,LIMIT,400.5,44,513,NEW,
514,MSFT,SELL,LIMIT,400.43,58,514,NEW,
515,SPY,SELL,LIMIT,681.87,708,515,NEW,
516,META,BUY,LIMIT,638.24,82,516,NEW,
517,AMZN,BUY,LIMIT,198.16,37,517,NEW,
518,MSFT,BUY,LIMIT,400.37,92,518,NEW,
519,SPY,SELL,LIMIT,681.93,94,519,NEW,
520,AMZN,SELL,LIMIT,198.27,229,520,NEW,
521,META,SELL,LIMIT,638.62,88,521,NEW,
522,AMZN,SELL,LIMIT,198.24,94,522,NEW,
523,NVDA,SELL,LIMIT,183.11,66,523,NEW,
524,SPY,SELL,LIMIT,681.99,20,524,NEW,
525,AAPL,SELL,LIMIT,255.16,72,525,NEW,
526,META,SELL,LIMIT,638.51,88,526,NEW,
527,MSFT,SELL,LIMIT,400.69,77,527,NEW,
528,AMZN,BUY,LIMIT,198.07,21,528,NEW,
529,AMZN,SELL,LIMIT,198.11,77,529,NEW,
530,AAPL,BUY,LIMIT,254.99,81,530,NEW,
531,NVDA,SELL,LIMIT,183.24,31,531,NEW,
532,GOOGL,BUY,LIMIT,305.45,70,532,NEW,
533,TSLA,BUY,LIMIT,418.88,75,533,NEW,
534,NVDA,BUY,LIMIT,183.15,13,534,NEW,
535,SPY,SELL,LIMIT,681.96,44,535,NEW,
536,AAPL,SELL,LIMIT,255.16,28,536,NEW,
537,AAPL,BUY,LIMIT,255.04,4,537,NEW,
538,AAPL,BUY,LIMIT,255.09,32,538,NEW,
539,NVDA,BUY,LIMIT,183.09,22,539,NEW,
540,AAPL,BUY,LIMIT,255.09,98,540,NEW,
541,SPY,BUY,LIMIT,681.74,54,541,NEW,
542,META,SELL,LIMIT,638.35,96,542,NEW,
543,NVDA,SELL,LIMIT,183.15,4,543,NEW,
544,AAPL,BUY,LIMIT,254.92,25,544,NEW,
545,GOOGL,SELL,LIMIT,305.51,27,545,NEW,
546,SPY,SELL,LIMIT,681.86,12,546,NEW,
547,MSFT,BUY,LIMIT,400.59,20,547,NEW,
548,TSLA,BUY,LIMIT,418.99,98,548,NEW,
549,MSFT,SELL,LIMIT,400.71,31,549,NEW,
550,MSFT,BUY,LIMIT,400.55,88,550,NEW,
551,AAPL,BUY,LIMIT,254.94,60,551,NEW,
552,MSFT,SELL,LIMIT,400.74,4,552,NEW,
553,META,BUY,LIMIT,638.17,74,553,NEW,
554,NVDA,SELL,LIMIT,183.09,16,554,NEW,
555,GOOGL,BUY,LIMIT,305.51,10,555,NEW,
556,AAPL,SELL,LIMIT,255.13,66,556,NEW,
557,AMZN,SELL,LIMIT,198.07,99,557,NEW,
558,AAPL,BUY,LIMIT,255.02,53,558,NEW,
559,AAPL,BUY,LIMIT,255.06,972,559,NEW,
560,MSFT,BUY,LIMIT,400.58,52,560,NEW,
561,GOOGL,SELL,LIMIT,305.68,24,561,NEW,
562,GOOGL,BUY,LIMIT,305.53,22,562,NEW,
563,NVDA,SELL,LIMIT,183.07,46,563,NEW,
564,GOOGL,BUY,LIMIT,305.56,7,564,NEW,
565,NVDA,SELL,LIMIT,183.15,64,565,NEW,
566,AMZN,BUY,LIMIT,197.94,56,566,NEW,
567,META,SELL,LIMIT,638.6,87,567,NEW,
568,NVDA,BUY,LIMIT,183.05,336,568,NEW,
569,AAPL,BUY,LIMIT,255.03,30,569,NEW,
570,AMZN,BUY,LIMIT,198,17,570,NEW,
571,AAPL,SELL,LIMIT,255.12,4,571,NEW,
572,AAPL,SELL,LIMIT,255.09,30,572,NEW,
573,GOOGL,BUY,LIMIT,305.48,27,573,NEW,
574,TSLA,SELL,LIMIT,419.14,28,574,NEW,
575,META,SELL,LIMIT,638.39,81,575,NEW,
576,META,BUY,LIMIT,638.07,78,576,NEW,
577,MSFT,SELL,LIMIT,400.83,385,577,NEW,
578,NVDA,SELL,LIMIT,183.04,98,578,NEW,
579,MSFT,SELL,LIMIT,400.77,13,579,NEW,
580,AMZN,SELL,LIMIT,198.02,7,580,NEW,
581,AMZN,SELL,LIMIT,197.95,37,581,NEW,
582,TSLA,SELL,LIMIT,419.23,17,582,NEW,
583,AAPL,SELL,LIMIT,255.05,95,583,NEW,
584,META,BUY,LIMIT,637.74,1,584,NEW,
585,NVDA,BUY,LIMIT,182.93,16,585,NEW,
586,SPY,BUY,LIMIT,681.66,28,586,NEW,
587,TSLA,SELL,LIMIT,419.35,58,587,NEW,
588,SPY,SELL,LIMIT,681.69,48,588,NEW,
589,META,SELL,LIMIT,638.04,35,589,NEW,
590,META,SELL,LIMIT,638.1,98,590,NEW,
591,META,SELL,LIMIT,638.48,89,591,NEW,
592,AAPL,BUY,LIMIT,254.92,69,592,NEW,
593,NVDA,BUY,LIMIT,182.98,45,593,NEW,
594,META,SELL,LIMIT,638.52,91,594,NEW,
595,AAPL,BUY,LIMIT,254.86,100,595,NEW,
596,NVDA,SELL,LIMIT,182.87,11,596,NEW,
597,SPY,SELL,LIMIT,681.83,5,597,NEW,
598,AAPL,BUY,LIMIT,254.84,51,598,NEW,
599,SPY,SELL,LIMIT,681.77,96,599,NEW,
600,AMZN,BUY,LIMIT,197.85,42,600,NEW,
601,META,BUY,LIMIT,638.42,74,601,NEW,
602,SPY,SELL,LIMIT,681.64,58,602,NEW,
603,META,BUY,LIMIT,638.44,60,603,NEW,
604,MSFT,SELL,LIMIT,400.67,36,604,NEW,
605,TSLA,BUY,LIMIT,418.95,94,605,NEW,
606,NVDA,SELL,LIMIT,182.95,55,606,NEW,
607,META,BUY,LIMIT,638.38,18,607,NEW,
608,SPY,SELL,LIMIT,681.66,32,608,NEW,
609,AAPL,SELL,LIMIT,255.02,16,609,NEW,
610,AMZN,SELL,LIMIT,197.91,534,610,NEW,
611,AAPL,BUY,LIMIT,254.97,31,611,NEW,
612,MSFT,SELL,LIMIT,400.71,93,612,NEW,
613,SPY,SELL,LIMIT,681.49,61,613,NEW,
614,AMZN,BUY,LIMIT,197.89,49,614,NEW,
615,META,SELL,LIMIT,638.32,80,615,NEW,
616,AAPL,SELL,LIMIT,255.1,11,616,NEW,
617,MSFT,BUY,LIMIT,400.57,95,617,NEW,
618,MSFT,SELL,LIMIT,400.8,52,618,NEW,
619,GOOGL,SELL,LIMIT,305.61,56,619,NEW,
620,TSLA,BUY,LIMIT,418.78,92,620,NEW,
621,NVDA,SELL,LIMIT,183,72,621,NEW,
622,AAPL,BUY,LIMIT,254.99,53,622,NEW,
623,MSFT,BUY,LIMIT,400.68,96,623,NEW,
624,GOOGL,SELL,LIMIT,305.62,53,624,NEW,
625,SPY,SELL,LIMIT,681.4,82,625,NEW,
626,META,BUY,LIMIT,638,33,626,NEW,
627,NVDA,SELL,LIMIT,182.97,94,627,NEW,
628,GOOGL,SELL,LIMIT,305.58,77,628,NEW,
629,TSLA,SELL,LIMIT,418.71,262,629,NEW,
630,SPY,BUY,LIMIT,681.18,9,630,NEW,
631,MSFT,SELL,LIMIT,400.93,26,631,NEW,
632,AMZN,SELL,LIMIT,197.88,16,632,NEW,
633,AMZN,SELL,LIMIT,197.89,58,633,NEW,
634,AMZN,BUY,LIMIT,197.8,79,634,NEW,
635,AMZN,SELL,LIMIT,197.93,80,635,NEW,
636,NVDA,BUY,LIMIT,182.75,8,636,NEW,
637,META,BUY,LIMIT,637.64,85,637,NEW,
638,TSLA,BUY,LIMIT,418.44,37,638,NEW,
639,GOOGL,BUY,LIMIT,305.42,29,639,NEW,
640,AMZN,BUY,LIMIT,197.84,261,640,NEW,
641,MSFT,SELL,LIMIT,400.98,53,641,NEW,
642,SPY,BUY,LIMIT,681.06,53,642,NEW,
643,MSFT,BUY,LIMIT,400.81,45,643,NEW,
644,NVDA,BUY,LIMIT,182.72,84,644,NEW,
645,META,SELL,LIMIT,637.7,49,645,NEW,
646,AMZN,BUY,LIMIT,197.89,86,646,NEW,
647,SPY,BUY,LIMIT,680.79,700,647,NEW,
648,MSFT,SELL,LIMIT,400.83,28,648,NEW,
649,NVDA,BUY,LIMIT,182.77,5,649,NEW,
650,GOOGL,BUY,LIMIT,305.44,78,650,NEW,
651,MSFT,SELL,LIMIT,400.74,673,651,NEW,
652,TSLA,BUY,LIMIT,418.47,51,652,NEW,
653,TSLA,BUY,LIMIT,418.37,21,653,NEW,
654,NVDA,BUY,LIMIT,182.78,88,654,NEW,
655,AMZN,SELL,LIMIT,198.04,77,655,NEW,
656,GOOGL,BUY,LIMIT,305.49,40,656,NEW,
657,AAPL,BUY,LIMIT,255.05,68,657,NEW,
658,SPY,SELL,LIMIT,680.93,77,658,NEW,
659,NVDA,SELL,LIMIT,182.83,46,659,NEW,
660,SPY,SELL,LIMIT,681.01,15,660,NEW,
661,META,BUY,LIMIT,637.45,70,661,NEW,
662,TSLA,BUY,LIMIT,418.33,16,662,NEW,
663,AAPL,SELL,LIMIT,255.15,63,663,NEW,
664,SPY,SELL,LIMIT,681.13,97,664,NEW,
665,META,SELL,LIMIT,637.79,33,665,NEW,
666,SPY,SELL,LIMIT,681.21,97,666,NEW,
667,TSLA,SELL,LIMIT,418.69,71,667,NEW,
668,NVDA,BUY,LIMIT,182.79,45,668,NEW,
669,AMZN,BUY,LIMIT,197.96,72,669,NEW,
670,MSFT,SELL,LIMIT,400.76,40,670,NEW,
671,SPY,BUY,LIMIT,681.08,92,671,NEW,
672,AMZN,BUY,LIMIT,198.02,4,672,NEW,
673,SPY,SELL,LIMIT,681.25,23,673,NEW,
674,SPY,BUY,LIMIT,681.17,53,674,NEW,
675,SPY,SELL,LIMIT,681.31,79,675,NEW,
676,AAPL,SELL,LIMIT,255.14,25,676,NEW,
677,MSFT,SELL,LIMIT,400.8,89,677,NEW,
678,AMZN,BUY,LIMIT,198.03,28,678,NEW,
679,SPY,SELL,LIMIT,681.15,35,679,NEW,
680,AAPL,BUY,LIMIT,255.05,29,680,NEW,
681,NVDA,BUY,LIMIT,182.69,35,681,NEW,
682,AAPL,BUY,LIMIT,255.06,97,682,NEW,
683,NVDA,SELL,LIMIT,182.74,57,683,NEW,
684,GOOGL,SELL,LIMIT,305.55,60,684,NEW,
685,TSLA,SELL,LIMIT,418.51,76,685,NEW,
686,AMZN,BUY,LIMIT,198.02,93,686,NEW,
687,META,SELL,LIMIT,637.67,16,687,NEW,
688,SPY,SELL,LIMIT,681.27,13,688,NEW,
689,AMZN,BUY,LIMIT,197.97,22,689,NEW,
690,GOOGL,BUY,LIMIT,305.34,33,690,NEW,
691,MSFT,BUY,LIMIT,400.61,43,691,NEW,
692,NVDA,BUY,LIMIT,182.7,52,692,NEW,
693,META,BUY,LIMIT,637.39,48,693,NEW,
694,AMZN,BUY,LIMIT,198.08,73,694,NEW,
695,TSLA,BUY,LIMIT,418.29,53,695,NEW,
696,GOOGL,BUY,LIMIT,305.38,56,696,NEW,
697,META,SELL,LIMIT,637.84,436,697,NEW,
698,AAPL,SELL,LIMIT,255.11,20,698,NEW,
699,SPY,SELL,LIMIT,681.46,13,699,NEW,
700,NVDA,SELL,LIMIT,182.63,61,700,NEW,
701,AAPL,BUY,LIMIT,255.05,79,701,NEW,
702,NVDA,BUY,LIMIT,182.67,15,702,NEW,
703,SPY,SELL,LIMIT,681.33,13,703,NEW,
704,SPY,SELL,LIMIT,681.36,67,704,NEW,
705,META,SELL,LIMIT,638.04,10,705,NEW,
706,META,BUY,LIMIT,638.08,99,706,NEW,
707,MSFT,BUY,LIMIT,400.56,285,707,NEW,
708,MSFT,SELL,LIMIT,400.68,61,708,NEW,
709,NVDA,BUY,LIMIT,182.66,96,709,NEW,
710,NVDA,BUY,LIMIT,182.65,11,710,NEW,
711,MSFT,SELL,LIMIT,400.6,25,711,NEW,
712,AAPL,BUY,LIMIT,255,56,712,NEW,
713,META,SELL,LIMIT,638.32,61,713,NEW,
714,META,SELL,LIMIT,638.7,9,714,NEW,
715,META,SELL,LIMIT,639.07,64,715,NEW,
716,GOOGL,SELL,LIMIT,305.26,10,716,NEW,
717,SPY,SELL,LIMIT,681.32,24,717,NEW,
718,AMZN,SELL,LIMIT,198.13,88,718,NEW,
719,NVDA,SELL,LIMIT,182.71,574,719,NEW,
720,AAPL,SELL,LIMIT,255.13,98,720,NEW,
721,MSFT,BUY,LIMIT,400.54,13,721,NEW,
722,NVDA,BUY,LIMIT,182.64,22,722,NEW,
723,AMZN,BUY,LIMIT,198.06,6,723,NEW,
724,GOOGL,SELL,LIMIT,305.23,26,724,NEW,
725,SPY,BUY,LIMIT,680.94,97,725,NEW,
726,GOOGL,SELL,LIMIT,305.22,15,726,NEW,
727,AMZN,BUY,LIMIT,197.93,18,727,NEW,
728,NVDA,SELL,LIMIT,182.67,50,728,NEW,
729,AAPL,BUY,LIMIT,255.05,30,729,NEW,
730,MSFT,BUY,LIMIT,400.29,66,730,NEW,
731,GOOGL,BUY,LIMIT,305.02,37,731,NEW,
732,TSLA,BUY,LIMIT,417.97,60,732,NEW,
733,MSFT,SELL,LIMIT,400.35,51,733,NEW,
734,AMZN,SELL,LIMIT,198,2,734,NEW,
735,SPY,BUY,LIMIT,680.84,12,735,NEW,
736,SPY,BUY,LIMIT,681,47,736,NEW,
737,GOOGL,BUY,LIMIT,304.99,22,737,NEW,
738,META,BUY,LIMIT,638.97,87,738,NEW,
739,META,BUY,LIMIT,638.77,83,739,NEW,
740,META,BUY,LIMIT,638.84,55,740,NEW,
741,META,SELL,LIMIT,639.42,85,741,NEW,
742,TSLA,BUY,LIMIT,417.74,52,742,NEW,
743,META,BUY,LIMIT,639.09,59,743,NEW,
744,AMZN,BUY,LIMIT,197.99,12,744,NEW,
745,META,SELL,LIMIT,639.34,94,745,NEW,
746,AAPL,SELL,LIMIT,255.09,813,746,NEW,
747,NVDA,BUY,LIMIT,182.45,33,747,NEW,
748,NVDA,SELL,LIMIT,182.59,35,748,NEW,
749,MSFT,SELL,LIMIT,400.28,11,749,NEW,
750,AAPL,BUY,LIMIT,255.05,848,750,NEW,
751,SPY,SELL,LIMIT,681.07,64,751,NEW,
752,AAPL,BUY,LIMIT,254.96,87,752,NEW,
753,AMZN,BUY,LIMIT,197.92,6,753,NEW,
754,AAPL,SELL,LIMIT,255.19,34,754,NEW,
755,TSLA,BUY,LIMIT,417.62,67,755,NEW,
756,TSLA,SELL,LIMIT,417.58,38,756,NEW,
757,AMZN,SELL,LIMIT,198,13,757,NEW,
758,MSFT,SELL,LIMIT,400.27,9,758,NEW,
759,AMZN,BUY,LIMIT,197.95,962,759,NEW,
760,SPY,SELL,LIMIT,680.96,403,760,NEW,
761,GOOGL,SELL,LIMIT,305.05,78,761,NEW,
762,TSLA,BUY,LIMIT,417.51,31,762,NEW,
763,NVDA,BUY,LIMIT,182.49,4,763,NEW,
764,GOOGL,SELL,LIMIT,305.03,88,764,NEW,
765,AMZN,BUY,LIMIT,197.91,79,765,NEW,
766,SPY,BUY,LIMIT,680.73,43,766,NEW,
767,SPY,SELL,LIMIT,680.89,23,767,NEW,
768,SPY,BUY,LIMIT,680.7,70,768,NEW,
769,AMZN,BUY,LIMIT,197.96,96,769,NEW,
770,SPY,SELL,LIMIT,680.98,16,770,NEW,
771,AMZN,SELL,LIMIT,198.08,6,771,NEW,
772,TSLA,SELL,LIMIT,417.72,786,772,NEW,
773,SPY,BUY,LIMIT,680.66,60,773,NEW,
774,MSFT,SELL,LIMIT,400.31,22,774,NEW,
775,GOOGL,BUY,LIMIT,305,16,775,NEW,
776,TSLA,BUY,LIMIT,417.53,2,776,NEW,
777,TSLA,BUY,LIMIT,417.41,54,777,NEW,
778,AAPL,SELL,LIMIT,255.06,23,778,NEW,
779,GOOGL,SELL,LIMIT,305.06,96,779,NEW,
780,TSLA,BUY,LIMIT,417.31,85,780,NEW,
781,AMZN,BUY,LIMIT,198,35,781,NEW,
782,NVDA,BUY,LIMIT,182.56,19,782,NEW,
783,TSLA,BUY,LIMIT,417.67,907,783,NEW,
784,NVDA,BUY,LIMIT,182.52,76,784,NEW,
785,META,SELL,LIMIT,639.29,99,785,NEW,
786,NVDA,BUY,LIMIT,182.47,41,786,NEW,
787,SPY,SELL,LIMIT,680.87,74,787,NEW,
788,SPY,SELL,LIMIT,680.75,60,788,NEW,
789,GOOGL,BUY,LIMIT,304.92,482,789,NEW,
790,MSFT,BUY,LIMIT,400.09,17,790,NEW,
791,AAPL,BUY,LIMIT,254.89,32,791,NEW,
792,MSFT,BUY,LIMIT,399.98,94,792,NEW,
793,AAPL,SELL,LIMIT,255.04,34,793,NEW,
794,AAPL,BUY,LIMIT,254.86,44,794,NEW,
795,NVDA,BUY,LIMIT,182.4,47,795,NEW,
796,AAPL,BUY,LIMIT,254.85,84,796,NEW,
797,AMZN,BUY,LIMIT,197.95,5,797,NEW,
798,MSFT,BUY,LIMIT,399.94,78,798,NEW,
799,TSLA,BUY,LIMIT,417.71,55,799,NEW,
800,NVDA,BUY,LIMIT,182.39,8,800,NEW,
801,AAPL,SELL,LIMIT,254.97,80,801,NEW,
802,TSLA,BUY,LIMIT,417.95,83,802,NEW,
803,TSLA,SELL,LIMIT,417.94,1,803,NEW,
804,NVDA,BUY,LIMIT,182.3,3,804,NEW,
805,META,SELL,LIMIT,639.43,76,805,NEW,
806,AMZN,BUY,LIMIT,197.92,4,806,NEW,
807,MSFT,BUY,LIMIT,399.98,86,807,NEW,
808,MSFT,SELL,LIMIT,400.12,93,808,NEW,
809,AAPL,SELL,LIMIT,254.92,31,809,NEW,
810,AMZN,BUY,LIMIT,197.88,61,810,NEW,
811,NVDA,BUY,LIMIT,182.24,32,811,NEW,
812,GOOGL,SELL,LIMIT,304.98,16,812,NEW,
813,NVDA,BUY,LIMIT,182.24,54,813,NEW,
814,AAPL,BUY,LIMIT,254.86,8,814,NEW,
815,SPY,SELL,LIMIT,680.72,42,815,NEW,
816,GOOGL,SELL,LIMIT,304.92,40,816,NEW,
817,AMZN,SELL,LIMIT,197.99,17,817,NEW,
818,TSLA,BUY,LIMIT,417.73,7,818,NEW,
819,SPY,SELL,LIMIT,680.82,29,819,NEW,
820,SPY,BUY,LIMIT,680.58,61,820,NEW,
821,TSLA,SELL,LIMIT,417.89,84,821,NEW,
822,SPY,BUY,LIMIT,680.7,30,822,NEW,
823,NVDA,BUY,LIMIT,182.27,54,823,NEW,
824,NVDA,BUY,LIMIT,182.35,584,824,NEW,
825,GOOGL,BUY,LIMIT,304.75,97,825,NEW,
826,SPY,BUY,LIMIT,680.77,28,826,NEW,
827,META,SELL,LIMIT,639.67,65,827,NEW,
828,NVDA,SELL,LIMIT,182.37,54,828,NEW,
829,GOOGL,BUY,LIMIT,304.67,35,829,NEW,
830,NVDA,BUY,LIMIT,182.21,27,830,NEW,
831,AAPL,SELL,LIMIT,254.9,89,831,NEW,
832,NVDA,SELL,LIMIT,182.3,37,832,NEW,
833,META,SELL,LIMIT,639.88,11,833,NEW,
834,TSLA,BUY,LIMIT,417.9,941,834,NEW,
835,AAPL,SELL,LIMIT,254.96,42,835,NEW,
836,AMZN,SELL,LIMIT,198,22,836,NEW,
837,NVDA,SELL,LIMIT,182.31,73,837,NEW,
838,TSLA,BUY,LIMIT,417.97,48,838,NEW,
839,GOOGL,BUY,LIMIT,304.62,6,839,NEW,
840,TSLA,SELL,LIMIT,418.12,32,840,NEW,
841,MSFT,BUY,LIMIT,400.01,53,841,NEW,
842,AMZN,BUY,LIMIT,197.92,78,842,NEW,
843,NVDA,BUY,LIMIT,182.26,83,843,NEW,
844,MSFT,BUY,LIMIT,400.13,97,844,NEW,
845,AAPL,BUY,LIMIT,254.95,70,845,NEW,
846,AMZN,SELL,LIMIT,197.94,41,846,NEW,
847,GOOGL,BUY,LIMIT,304.53,71,847,NEW,
848,GOOGL,SELL,LIMIT,304.67,51,848,NEW,
849,AMZN,SELL,LIMIT,198.03,56,849,NEW,
850,TSLA,BUY,LIMIT,417.97,25,850,NEW,
851,AMZN,BUY,LIMIT,197.87,84,851,NEW,
852,SPY,SELL,LIMIT,680.9,97,852,NEW,
853,AMZN,BUY,LIMIT,197.85,30,853,NEW,
854,AAPL,BUY,LIMIT,255.01,34,854,NEW,
855,NVDA,BUY,LIMIT,182.23,42,855,NEW,
856,NVDA,BUY,LIMIT,182.19,46,856,NEW,
857,TSLA,BUY,LIMIT,418.21,82,857,NEW,
858,NVDA,SELL,LIMIT,182.29,65,858,NEW,
859,MSFT,SELL,LIMIT,400.27,98,859,NEW,
860,SPY,BUY,LIMIT,680.81,92,860,NEW,
861,SPY,BUY,LIMIT,680.77,14,861,NEW,
862,AAPL,SELL,LIMIT,255.02,2,862,NEW,
863,META,BUY,LIMIT,639.93,49,863,NEW,
864,MSFT,BUY,LIMIT,400.23,67,864,NEW,
865,AMZN,SELL,LIMIT,197.94,46,865,NEW,
866,AAPL,BUY,LIMIT,254.87,46,866,NEW,
867,SPY,SELL,LIMIT,681.04,95,867,NEW,
868,NVDA,SELL,LIMIT,182.15,28,868,NEW,
869,META,SELL,LIMIT,640.24,50,869,NEW,
870,META,SELL,LIMIT,640.48,36,870,NEW,
871,SPY,BUY,LIMIT,680.82,53,871,NEW,
872,TSLA,BUY,LIMIT,417.9,9,872,NEW,
873,META,SELL,LIMIT,640.46,86,873,NEW,
874,AMZN,BUY,LIMIT,197.92,74,874,NEW,
875,NVDA,SELL,LIMIT,182.22,21,875,NEW,
876,NVDA,SELL,LIMIT,182.21,44,876,NEW,
877,AMZN,BUY,LIMIT,197.96,61,877,NEW,
878,META,BUY,LIMIT,640.01,72,878,NEW,
879,META,SELL,LIMIT,640.58,82,879,NEW,
880,SPY,BUY,LIMIT,680.81,18,880,NEW,
881,TSLA,BUY,LIMIT,417.73,58,881,NEW,
882,META,SELL,LIMIT,640.48,95,882,NEW,
883,TSLA,BUY,LIMIT,417.54,448,883,NEW,
884,AAPL,BUY,LIMIT,254.92,100,884,NEW,
885,MSFT,BUY,LIMIT,400.38,62,885,NEW,
886,NVDA,SELL,LIMIT,182.32,641,886,NEW,
887,NVDA,SELL,LIMIT,182.42,80,887,NEW,
888,NVDA,SELL,LIMIT,182.48,26,888,NEW,
889,NVDA,SELL,LIMIT,182.57,68,889,NEW,
890,AAPL,SELL,LIMIT,254.98,40,890,NEW,
891,AAPL,SELL,LIMIT,254.95,13,891,NEW,
892,NVDA,BUY,LIMIT,182.55,28,892,NEW,
893,AMZN,SELL,LIMIT,198.04,19,893,NEW,
894,AMZN,SELL,LIMIT,198.07,40,894,NEW,
895,MSFT,SELL,LIMIT,400.45,73,895,NEW,
896,GOOGL,SELL,LIMIT,304.55,44,896,NEW,
897,SPY,BUY,LIMIT,680.94,8,897,NEW,
898,TSLA,SELL,LIMIT,417.83,93,898,NEW,
899,NVDA,SELL,LIMIT,182.5,46,899,NEW,
900,SPY,BUY,LIMIT,680.89,44,900,NEW,
901,NVDA,BUY,LIMIT,182.39,42,901,NEW,
902,SPY,SELL,LIMIT,681.01,42,902,NEW,
903,META,BUY,LIMIT,640.44,28,903,NEW,
904,META,BUY,LIMIT,640.69,49,904,NEW,
905,NVDA,SELL,LIMIT,182.4,23,905,NEW,
906,GOOGL,SELL,LIMIT,304.63,70,906,NEW,
907,AMZN,SELL,LIMIT,197.97,40,907,NEW,
908,AAPL,BUY,LIMIT,254.92,63,908,NEW,
909,SPY,BUY,LIMIT,680.76,99,909,NEW,
910,MSFT,BUY,LIMIT,400.33,34,910,NEW,
911,MSFT,SELL,LIMIT,400.34,40,911,NEW,
912,NVDA,SELL,LIMIT,182.4,89,912,NEW,
913,AAPL,BUY,LIMIT,254.96,46,913,NEW,
914,AAPL,BUY,LIMIT,254.99,21,914,NEW,
915,TSLA,SELL,LIMIT,418.12,7,915,NEW,
916,AAPL,BUY,LIMIT,254.99,42,916,NEW,
917,AMZN,BUY,LIMIT,197.92,82,917,NEW,
918,AMZN,SELL,LIMIT,198,53,918,NEW,
919,MSFT,BUY,LIMIT,400.17,29,919,NEW,
920,TSLA,SELL,LIMIT,417.95,65,920,NEW,
921,TSLA,SELL,LIMIT,417.96,8,921,NEW,
922,AAPL,SELL,LIMIT,255.07,66,922,NEW,
923,GOOGL,BUY,LIMIT,304.61,16,923,NEW,
924,AAPL,SELL,LIMIT,255.04,45,924,NEW,
925,AAPL,BUY,LIMIT,254.91,15,925,NEW,
926,NVDA,SELL,LIMIT,182.4,61,926,NEW,
927,AAPL,SELL,LIMIT,254.94,30,927,NEW,
928,MSFT,BUY,LIMIT,400.23,28,928,NEW,
929,AMZN,SELL,LIMIT,198.01,92,929,NEW,
930,AAPL,SELL,LIMIT,254.9,29,930,NEW,
931,AMZN,BUY,LIMIT,197.89,56,931,NEW,
932,TSLA,SELL,LIMIT,417.94,18,932,NEW,
933,SPY,BUY,LIMIT,680.68,65,933,NEW,
934,NVDA,BUY,LIMIT,182.25,87,934,NEW,
935,NVDA,SELL,LIMIT,182.33,8,935,NEW,
936,AAPL,BUY,LIMIT,254.87,379,936,NEW,
937,SPY,SELL,LIMIT,680.93,59,937,NEW,
938,META,BUY,LIMIT,640.89,1,938,NEW,
939,GOOGL,BUY,LIMIT,304.53,67,939,NEW,
940,NVDA,SELL,LIMIT,182.3,27,940,NEW,
941,GOOGL,SELL,LIMIT,304.67,16,941,NEW,
942,AAPL,SELL,LIMIT,254.94,48,942,NEW,
943,META,SELL,LIMIT,641.27,48,943,NEW,
944,GOOGL,BUY,LIMIT,304.48,40,944,NEW,
945,META,SELL,LIMIT,641.41,45,945,NEW,
946,GOOGL,BUY,LIMIT,304.67,39,946,NEW,
947,MSFT,SELL,LIMIT,400.36,339,947,NEW,
948,NVDA,SELL,LIMIT,182.23,78,948,NEW,
949,AAPL,SELL,LIMIT,254.96,55,949,NEW,
950,TSLA,SELL,LIMIT,418.09,43,950,NEW,
951,AMZN,SELL,LIMIT,198,40,951,NEW,
952,MSFT,SELL,LIMIT,400.25,14,952,NEW,
953,AAPL,BUY,LIMIT,254.95,48,953,NEW,
954,META,BUY,LIMIT,641.13,21,954,NEW,
955,SPY,SELL,LIMIT,680.87,48,955,NEW,
956,META,BUY,LIMIT,641.1,40,956,NEW,
957,MSFT,BUY,LIMIT,400.16,84,957,NEW,
958,NVDA,SELL,LIMIT,182.23,92,958,NEW,
959,META,BUY,LIMIT,640.94,16,959,NEW,
960,META,BUY,LIMIT,640.95,215,960,NEW,
961,NVDA,BUY,LIMIT,182.22,48,961,NEW,
962,AAPL,SELL,LIMIT,254.99,92,962,NEW,
963,AAPL,SELL,LIMIT,255.07,65,963,NEW,
964,MSFT,SELL,LIMIT,400.19,829,964,NEW,
965,SPY,SELL,LIMIT,680.72,20,965,NEW,
966,SPY,BUY,LIMIT,680.36,98,966,NEW,
967,AAPL,SELL,LIMIT,255.18,46,967,NEW,
968,MSFT,SELL,LIMIT,400.38,48,968,NEW,
969,AAPL,SELL,LIMIT,255.12,94,969,NEW,
970,MSFT,SELL,LIMIT,400.31,99,970,NEW,
971,NVDA,BUY,LIMIT,182.22,396,971,NEW,
972,AMZN,SELL,LIMIT,198,27,972,NEW,
973,META,SELL,LIMIT,640.82,40,973,NEW,
974,AAPL,SELL,LIMIT,255.23,678,974,NEW,
975,GOOGL,SELL,LIMIT,304.94,547,975,NEW,
976,TSLA,SELL,LIMIT,418.02,34,976,NEW,
977,AMZN,SELL,LIMIT,197.96,51,977,NEW,
978,META,BUY,LIMIT,640.65,43,978,NEW,
979,NVDA,SELL,LIMIT,182.24,39,979,NEW,
980,NVDA,BUY,LIMIT,182.28,40,980,NEW,
981,GOOGL,SELL,LIMIT,304.9,98,981,NEW,
982,AMZN,SELL,LIMIT,197.92,5,982,NEW,
983,SPY,SELL,LIMIT,680.64,99,983,NEW,
984,GOOGL,SELL,LIMIT,305.01,671,984,NEW,
985,MSFT,SELL,LIMIT,400.37,250,985,NEW,
986,AAPL,BUY,LIMIT,255.07,85,986,NEW,
987,META,SELL,LIMIT,640.92,26,987,NEW,
988,SPY,BUY,LIMIT,680.26,56,988,NEW,
989,MSFT,SELL,LIMIT,400.44,59,989,NEW,
990,AMZN,SELL,LIMIT,197.95,855,990,NEW,
991,TSLA,BUY,LIMIT,417.94,64,991,NEW,
992,NVDA,BUY,LIMIT,182.26,60,992,NEW,
993,TSLA,SELL,LIMIT,418.1,35,993,NEW,
994,AMZN,SELL,LIMIT,198,28,994,NEW,
995,GOOGL,BUY,LIMIT,304.82,38,995,NEW,
996,AAPL,SELL,LIMIT,255.1,62,996,NEW,
997,AAPL,SELL,LIMIT,255.08,27,997,NEW,
998,MSFT,SELL,LIMIT,400.41,47,998,NEW,
999,MSFT,BUY,LIMIT,400.21,58,999,NEW,
1000,SPY,BUY,LIMIT,680.28,2,1000,NEW,
1001,TSLA,BUY,LIMIT,417.69,58,1001,NEW,
1002,NVDA,SELL,LIMIT,182.23,64,1002,NEW,
1003,GOOGL,BUY,LIMIT,304.77,40,1003,NEW,
1004,AMZN,,,,,,CANCEL,331
1005,TSLA,SELL,LIMIT,417.76,55,1004,NEW,
1006,AAPL,SELL,LIMIT,255.06,94,1005,NEW,
1007,MSFT,SELL,LIMIT,400.29,63,1006,NEW,
1008,META,SELL,MARKET,,1,1007,NEW,
1009,NVDA,SELL,LIMIT,182.22,37,1008,NEW,
1010,AMZN,BUY,MARKET,,12,1009,NEW,
1011,MSFT,SELL,LIMIT,400.21,12,1010,NEW,
1012,MSFT,BUY,LIMIT,400.07,96,1011,NEW,
1013,NVDA,SELL,LIMIT,182.16,453,1012,NEW,
1014,AMZN,SELL,LIMIT,197.92,38,1013,NEW,
1015,AMZN,BUY,LIMIT,197.81,95,1014,NEW,
1016,AMZN,,,,,,CANCEL,102
1017,SPY,SELL,LIMIT,680.74,51,1015,NEW,
1018,TSLA,BUY,MARKET,,55,1016,NEW,
1019,SPY,BUY,IOC,680.44,68,1017,NEW,
1020,META,,,640.58,63,,AMEND,879
1021,SPY,,,680.69,1,,AMEND,489
1022,AMZN,BUY,LIMIT,197.88,891,1018,NEW,
1023,AMZN,SELL,LIMIT,197.95,32,1019,NEW,
1024,AMZN,,,197.87,47,,AMEND,672
1025,NVDA,SELL,LIMIT,182.08,50,1020,NEW,
1026,TSLA,BUY,IOC,418.08,99,1021,NEW,
1027,SPY,SELL,LIMIT,680.68,74,1022,NEW,
1028,AMZN,SELL,LIMIT,197.98,60,1023,NEW,
1029,NVDA,,,,,,CANCEL,728
1030,META,SELL,FOK,640.65,92,1024,NEW,
1031,TSLA,,,418.07,11,,AMEND,223
1032,GOOGL,SELL,IOC,304.84,930,1025,NEW,
1033,META,SELL,LIMIT,640.48,687,1026,NEW,
1034,SPY,SELL,LIMIT,680.54,96,1027,NEW,
1035,META,BUY,LIMIT,640.27,53,1028,NEW,
1036,TSLA,SELL,FOK,418.22,49,1029,NEW,
1037,AMZN,SELL,LIMIT,198.07,1,1030,NEW,
1038,AAPL,BUY,IOC,255.05,52,1031,NEW,
1039,AMZN,SELL,LIMIT,198.07,50,1032,NEW,
1040,TSLA,BUY,FOK,418.01,24,1033,NEW,
1041,SPY,,,,,,CANCEL,852
1042,SPY,SELL,LIMIT,680.69,39,1034,NEW,
1043,SPY,,,,,,CANCEL,37
1044,AAPL,SELL,MARKET,,88,1035,NEW,
1045,NVDA,SELL,FOK,182.11,14,1036,NEW,
1046,MSFT,SELL,LIMIT,400.24,37,1037,NEW,
1047,AAPL,BUY,FOK,255.01,23,1038,NEW,
1048,META,,,640.55,14,,AMEND,240
1049,NVDA,,,,,,CANCEL,183
1050,AAPL,SELL,IOC,255.11,100,1039,NEW,
1051,NVDA,BUY,LIMIT,182.06,62,1040,NEW,
1052,GOOGL,,,304.84,40,,AMEND,413
1053,META,BUY,LIMIT,640.25,50,1041,NEW,
1054,MSFT,,,,,,CANCEL,807
1055,NVDA,SELL,LIMIT,182.16,72,1042,NEW,
1056,AAPL,BUY,LIMIT,255.08,95,1043,NEW,
1057,AMZN,SELL,LIMIT,198.05,16,1044,NEW,
1058,SPY,BUY,LIMIT,680.29,76,1045,NEW,
1059,AAPL,,,,,,CANCEL,556
1060,MSFT,BUY,IOC,400.03,249,1046,NEW,
1061,AAPL,,,,,,CANCEL,93
1062,GOOGL,BUY,LIMIT,304.78,74,1047,NEW,
1063,META,BUY,LIMIT,640.32,39,1048,NEW,
1064,MSFT,,,400.16,169,,AMEND,463
1065,MSFT,SELL,LIMIT,400.12,41,1049,NEW,
1066,GOOGL,SELL,IOC,304.95,22,1050,NEW,
1067,AAPL,BUY,IOC,254.95,12,1051,NEW,
1068,AAPL,SELL,LIMIT,255.18,26,1052,NEW,
1069,MSFT,,,400.12,310,,AMEND,377
1070,AAPL,,,,,,CANCEL,571
1071,AMZN,,,,,,CANCEL,842
1072,AMZN,,,,,,CANCEL,893
1073,SPY,,,681.21,268,,AMEND,666
1074,SPY,SELL,MARKET,,96,1053,NEW,
1075,AAPL,,,255.06,688,,AMEND,270
1076,GOOGL,SELL,LIMIT,304.97,565,1054,NEW,
1077,GOOGL,SELL,LIMIT,304.91,19,1055,NEW,
1078,AMZN,BUY,LIMIT,198,34,1056,NEW,
1079,AAPL,BUY,MARKET,,75,1057,NEW,
1080,NVDA,SELL,LIMIT,182.13,598,1058,NEW,
1081,META,SELL,IOC,640.35,14,1059,NEW,
1082,AMZN,SELL,LIMIT,198,47,1060,NEW,
1083,GOOGL,SELL,LIMIT,304.9,82,1061,NEW,
1084,MSFT,,,,,,CANCEL,964
1085,SPY,BUY,LIMIT,680.17,7,1062,NEW,
1086,NVDA,SELL,LIMIT,182.12,60,1063,NEW,
1087,NVDA,SELL,FOK,182.09,919,1064,NEW,
1088,META,BUY,MARKET,,73,1065,NEW,
1089,SPY,BUY,MARKET,,45,1066,NEW,
1090,GOOGL,SELL,LIMIT,304.81,32,1067,NEW,
1091,SPY,,,,,,CANCEL,428
1092,MSFT,,,400.36,357,,AMEND,947
1093,TSLA,SELL,MARKET,,84,1068,NEW,
1094,AMZN,BUY,LIMIT,197.93,96,1069,NEW,
1095,SPY,,,,,,CANCEL,256
1096,AAPL,BUY,LIMIT,255.17,67,1070,NEW,
1097,SPY,BUY,LIMIT,680.08,52,1071,NEW,
1098,META,SELL,LIMIT,640.04,13,1072,NEW,
1099,MSFT,BUY,MARKET,,66,1073,NEW,
1100,GOOGL,SELL,LIMIT,304.88,12,1074,NEW,
1101,NVDA,SELL,FOK,182.19,45,1075,NEW,
1102,GOOGL,,,,,,CANCEL,356
1103,TSLA,BUY,LIMIT,418.34,50,1076,NEW,
1104,AAPL,SELL,LIMIT,255.17,10,1077,NEW,
1105,GOOGL,BUY,MARKET,,2,1078,NEW,
1106,AMZN,SELL,LIMIT,197.96,44,1079,NEW,
1107,META,SELL,LIMIT,640.18,740,1080,NEW,
1108,META,SELL,LIMIT,640.26,99,1081,NEW,
1109,SPY,,,681.83,1,,AMEND,498
1110,GOOGL,,,,,,CANCEL,724
1111,META,SELL,LIMIT,640.53,16,1082,NEW,
1112,AAPL,,,,,,CANCEL,147
1113,GOOGL,SELL,IOC,304.96,6,1083,NEW,
1114,MSFT,BUY,LIMIT,399.97,49,1084,NEW,
1115,AAPL,,,,,,CANCEL,953
1116,AMZN,SELL,LIMIT,197.91,13,1085,NEW,
1117,META,BUY,IOC,640.55,58,1086,NEW,
1118,GOOGL,BUY,LIMIT,304.88,48,1087,NEW,
1119,AMZN,BUY,LIMIT,197.81,873,1088,NEW,
1120,MSFT,SELL,FOK,400.11,54,1089,NEW,
1121,NVDA,SELL,LIMIT,182.14,57,1090,NEW,
1122,MSFT,SELL,LIMIT,400.25,61,1091,NEW,
1123,SPY,SELL,IOC,680.27,84,1092,NEW,
1124,AMZN,SELL,LIMIT,197.97,5,1093,NEW,
1125,AAPL,SELL,MARKET,,31,1094,NEW,
1126,MSFT,BUY,MARKET,,96,1095,NEW,
1127,AAPL,,,255.19,1,,AMEND,778
1128,META,,,640.83,50,,AMEND,365
1129,NVDA,BUY,LIMIT,182.12,100,1096,NEW,
1130,AAPL,SELL,MARKET,,52,1097,NEW,
1131,META,BUY,IOC,641.07,21,1098,NEW,
1132,MSFT,SELL,LIMIT,400.35,21,1099,NEW,
1133,SPY,SELL,MARKET,,40,1100,NEW,
1134,AMZN,BUY,IOC,197.85,51,1101,NEW,
1135,NVDA,BUY,LIMIT,182.06,66,1102,NEW,
1136,META,BUY,LIMIT,641.25,96,1103,NEW,
1137,TSLA,SELL,LIMIT,418.68,77,1104,NEW,
1138,GOOGL,,,304.97,61,,AMEND,144
1139,AAPL,BUY,LIMIT,255.05,24,1105,NEW,
1140,META,BUY,LIMIT,641.51,73,1106,NEW,
1141,AMZN,,,198.58,98,,AMEND,330
1142,TSLA,BUY,LIMIT,418.45,55,1107,NEW,
1143,AMZN,,,198.13,271,,AMEND,718
1144,TSLA,BUY,LIMIT,418.5,70,1108,NEW,
1145,META,SELL,FOK,641.89,70,1109,NEW,
1146,META,BUY,MARKET,,5,1110,NEW,
1147,SPY,BUY,LIMIT,679.71,70,1111,NEW,
1148,AMZN,SELL,LIMIT,197.95,7,1112,NEW,
1149,AAPL,SELL,LIMIT,255.06,273,1113,NEW,
1150,TSLA,SELL,LIMIT,418.91,13,1114,NEW,
1151,NVDA,SELL,LIMIT,182.24,14,1115,NEW,
1152,MSFT,SELL,LIMIT,400.3,80,1116,NEW,
1153,AAPL,BUY,LIMIT,254.99,816,1117,NEW,
1154,META,SELL,LIMIT,641.64,18,1118,NEW,
1155,GOOGL,,,,,,CANCEL,1054
1156,SPY,SELL,LIMIT,680.1,12,1119,NEW,
1157,NVDA,SELL,LIMIT,182.17,100,1120,NEW,
1158,SPY,SELL,LIMIT,680.32,20,1121,NEW,
1159,SPY,BUY,LIMIT,680.07,20,1122,NEW,
1160,AMZN,BUY,LIMIT,197.84,46,1123,NEW,
1161,MSFT,,,,,,CANCEL,513
1162,SPY,SELL,LIMIT,680.27,600,1124,NEW,
1163,NVDA,SELL,MARKET,,90,1125,NEW,
1164,TSLA,,,,,,CANCEL,375
1165,SPY,,,,,,CANCEL,871
1166,AAPL,,,,,,CANCEL,125
1167,TSLA,,,,,,CANCEL,6
1168,SPY,SELL,LIMIT,680.42,38,1126,NEW,
1169,GOOGL,,,304.98,1,,AMEND,726
1170,SPY,,,,,,CANCEL,897
1171,TSLA,BUY,MARKET,,41,1127,NEW,
1172,AMZN,,,,,,CANCEL,929
1173,AAPL,,,254.96,13,,AMEND,949
1174,NVDA,,,,,,CANCEL,153
1175,NVDA,BUY,LIMIT,182.17,1,1128,NEW,
1176,AAPL,,,255,14,,AMEND,204
1177,NVDA,,,182.17,197,,AMEND,243
1178,GOOGL,SELL,FOK,305.01,40,1129,NEW,
1179,MSFT,,,,,,CANCEL,174
1180,AAPL,,,255.09,52,,AMEND,949
1181,GOOGL,SELL,LIMIT,305.04,56,1130,NEW,
1182,AAPL,SELL,LIMIT,255.12,31,1131,NEW,
1183,AMZN,SELL,IOC,197.84,6,1132,NEW,
1184,SPY,SELL,IOC,680.24,77,1133,NEW,
1185,AAPL,BUY,LIMIT,255.02,250,1134,NEW,
1186,AMZN,,,197.83,496,,AMEND,610
1187,NVDA,SELL,MARKET,,48,1135,NEW,
1188,AAPL,BUY,FOK,255.03,8,1136,NEW,
1189,SPY,SELL,MARKET,,7,1137,NEW,
1190,AMZN,SELL,FOK,197.76,21,1138,NEW,
1191,AAPL,,,,,,CANCEL,200
1192,NVDA,BUY,LIMIT,182.12,92,1139,NEW,
1193,AAPL,,,255.23,645,,AMEND,974
1194,MSFT,,,,,,CANCEL,711
1195,META,BUY,FOK,641.37,61,1140,NEW,
1196,AMZN,,,,,,CANCEL,759
1197,TSLA,SELL,LIMIT,419.61,84,1141,NEW,
1198,META,BUY,LIMIT,641.44,816,1142,NEW,
1199,GOOGL,BUY,LIMIT,304.93,56,1143,NEW,
1200,NVDA,BUY,LIMIT,182.26,66,1144,NEW,
1201,AAPL,BUY,MARKET,,67,1145,NEW,
1202,SPY,,,,,,CANCEL,345
1203,TSLA,BUY,IOC,419.59,57,1146,NEW,
1204,NVDA,SELL,IOC,182.36,34,1147,NEW,
1205,AAPL,SELL,IOC,255.01,21,1148,NEW,
1206,AAPL,BUY,IOC,254.93,29,1149,NEW,
1207,TSLA,,,417.95,57,,AMEND,920
1208,GOOGL,BUY,IOC,304.95,42,1150,NEW,
1209,AMZN,,,,,,CANCEL,197
1210,TSLA,BUY,FOK,419.49,8,1151,NEW,
1211,MSFT,BUY,MARKET,,73,1152,NEW,
1212,AAPL,SELL,MARKET,,73,1153,NEW,
1213,META,SELL,LIMIT,641.53,394,1154,NEW,
1214,TSLA,SELL,LIMIT,419.65,20,1155,NEW,
1215,AMZN,BUY,MARKET,,12,1156,NEW,
1216,SPY,BUY,LIMIT,680.14,97,1157,NEW,
1217,MSFT,SELL,LIMIT,400.39,89,1158,NEW,
1218,TSLA,SELL,IOC,419.59,91,1159,NEW,
1219,GOOGL,SELL,LIMIT,305.05,2,1160,NEW,
1220,SPY,SELL,LIMIT,680.28,67,1161,NEW,
1221,META,SELL,IOC,641.51,424,1162,NEW,
1222,AMZN,SELL,LIMIT,197.7,1000,1163,NEW,
1223,TSLA,SELL,LIMIT,419.56,48,1164,NEW,
1224,TSLA,BUY,LIMIT,419.18,68,1165,NEW,
1225,NVDA,BUY,FOK,182.28,33,1166,NEW,
1226,TSLA,SELL,FOK,419.59,56,1167,NEW,
1227,GOOGL,,,305.03,1,,AMEND,313
1228,TSLA,BUY,LIMIT,419.67,252,1168,NEW,
1229,META,,,641.52,42,,AMEND,254
1230,NVDA,BUY,LIMIT,182.34,95,1169,NEW,
1231,AAPL,BUY,IOC,254.94,52,1170,NEW,
1232,AAPL,SELL,LIMIT,255.03,19,1171,NEW,
1233,MSFT,SELL,FOK,400.33,24,1172,NEW,
1234,NVDA,,,182.4,17,,AMEND,748
1235,META,BUY,LIMIT,641.22,62,1173,NEW,
1236,META,,,641.23,205,,AMEND,364
1237,MSFT,SELL,LIMIT,400.46,966,1174,NEW,
1238,AMZN,,,197.7,60,,AMEND,635
1239,AMZN,BUY,FOK,197.58,74,1175,NEW,
1240,NVDA,SELL,MARKET,,810,1176,NEW,
1241,MSFT,,,,,,CANCEL,864
1242,META,SELL,LIMIT,641.37,74,1177,NEW,
1243,NVDA,,,,,,CANCEL,940
1244,NVDA,,,182.3,19,,AMEND,242
1245,NVDA,BUY,IOC,182.19,51,1178,NEW,
1246,SPY,SELL,LIMIT,680.3,4,1179,NEW,
1247,META,SELL,LIMIT,641.03,98,1180,NEW,
1248,AAPL,,,,,,CANCEL,259
1249,AAPL,,,,,,CANCEL,720
1250,NVDA,SELL,MARKET,,457,1181,NEW,
1251,META,BUY,LIMIT,640.85,9,1182,NEW,
1252,TSLA,,,419.83,1,,AMEND,840
1253,MSFT,SELL,LIMIT,400.41,15,1183,NEW,
1254,AAPL,SELL,LIMIT,255.07,57,1184,NEW,
1255,GOOGL,BUY,IOC,305.02,547,1185,NEW,
1256,AAPL,,,,,,CANCEL,19
1257,MSFT,,,400.93,1,,AMEND,631
1258,NVDA,SELL,FOK,182.41,9,1186,NEW,
1259,AMZN,BUY,LIMIT,197.59,10,1187,NEW,
1260,MSFT,BUY,LIMIT,400.33,334,1188,NEW,
1261,AMZN,SELL,IOC,197.67,53,1189,NEW,
1262,GOOGL,SELL,FOK,305.18,97,1190,NEW,
1263,TSLA,SELL,IOC,419.95,13,1191,NEW,
1264,META,SELL,MARKET,,96,1192,NEW,
1265,SPY,SELL,MARKET,,36,1193,NEW,
1266,AMZN,,,,,,CANCEL,502
1267,NVDA,BUY,FOK,182.32,85,1194,NEW,
1268,NVDA,,,182.32,131,,AMEND,483
1269,SPY,SELL,IOC,680.21,71,1195,NEW,
1270,NVDA,BUY,IOC,182.35,20,1196,NEW,
1271,TSLA,BUY,LIMIT,419.76,79,1197,NEW,
1272,TSLA,SELL,FOK,419.69,99,1198,NEW,
1273,TSLA,SELL,LIMIT,419.8,10,1199,NEW,
1274,META,SELL,LIMIT,641.29,80,1200,NEW,
1275,GOOGL,BUY,LIMIT,304.98,82,1201,NEW,
1276,MSFT,SELL,FOK,400.45,12,1202,NEW,
1277,SPY,,,680.02,61,,AMEND,900
1278,AAPL,BUY,IOC,255,6,1203,NEW,
1279,SPY,SELL,LIMIT,680.02,80,1204,NEW,
1280,AAPL,BUY,LIMIT,255.03,71,1205,NEW,
1281,TSLA,BUY,MARKET,,47,1206,NEW,
1282,TSLA,SELL,IOC,419.91,9,1207,NEW,
1283,SPY,SELL,MARKET,,4,1208,NEW,
1284,SPY,,,,,,CANCEL,336
1285,META,SELL,MARKET,,70,1209,NEW,
1286,SPY,,,679.71,156,,AMEND,966
1287,SPY,BUY,MARKET,,42,1210,NEW,
1288,MSFT,BUY,FOK,400.41,267,1211,NEW,
1289,TSLA,BUY,LIMIT,419.93,36,1212,NEW,
1290,MSFT,SELL,LIMIT,400.71,979,1213,NEW,
1291,TSLA,BUY,IOC,420.02,89,1214,NEW,
1292,SPY,,,,,,CANCEL,400
1293,NVDA,SELL,LIMIT,182.44,72,1215,NEW,
1294,TSLA,SELL,LIMIT,420.25,13,1216,NEW,
1295,GOOGL,SELL,MARKET,,13,1217,NEW,
1296,NVDA,BUY,IOC,182.39,96,1218,NEW,
1297,MSFT,SELL,MARKET,,21,1219,NEW,
1298,GOOGL,SELL,IOC,305.09,1,1220,NEW,
1299,MSFT,,,,,,CANCEL,1158
1300,TSLA,BUY,LIMIT,420.13,89,1221,NEW,
1301,NVDA,,,182.46,51,,AMEND,33
1302,AAPL,BUY,LIMIT,255.04,41,1222,NEW,
1303,TSLA,BUY,MARKET,,89,1223,NEW,
1304,TSLA,BUY,IOC,420.48,28,1224,NEW,
1305,MSFT,SELL,LIMIT,400.82,18,1225,NEW,
1306,AAPL,BUY,IOC,255.12,18,1226,NEW,
1307,META,BUY,MARKET,,97,1227,NEW,
1308,TSLA,BUY,LIMIT,420.5,77,1228,NEW,
1309,AMZN,SELL,MARKET,,3,1229,NEW,
1310,SPY,SELL,LIMIT,679.97,30,1230,NEW,
1311,AAPL,,,,,,CANCEL,558
1312,MSFT,BUY,LIMIT,400.68,76,1231,NEW,
1313,SPY,,,,,,CANCEL,122
1314,META,BUY,LIMIT,640.93,733,1232,NEW,
1315,AMZN,,,198.07,134,,AMEND,528
1316,SPY,BUY,LIMIT,679.76,5,1233,NEW,
1317,MSFT,SELL,LIMIT,400.76,94,1234,NEW,
1318,MSFT,BUY,MARKET,,85,1235,NEW,
1319,AAPL,BUY,MARKET,,55,1236,NEW,
1320,GOOGL,BUY,LIMIT,304.96,45,1237,NEW,
1321,MSFT,SELL,IOC,400.83,94,1238,NEW,
1322,GOOGL,,,,,,CANCEL,176
1323,AAPL,BUY,LIMIT,255.09,17,1239,NEW,
1324,TSLA,BUY,LIMIT,420.41,83,1240,NEW,
1325,NVDA,SELL,LIMIT,182.44,48,1241,NEW,
1326,AAPL,SELL,LIMIT,255.15,16,1242,NEW,
1327,MSFT,BUY,FOK,400.62,45,1243,NEW,
1328,NVDA,BUY,LIMIT,182.4,30,1244,NEW,
1329,TSLA,BUY,MARKET,,30,1245,NEW,
1330,META,BUY,MARKET,,23,1246,NEW,
1331,AAPL,BUY,LIMIT,255.04,42,1247,NEW,
1332,NVDA,SELL,LIMIT,182.36,210,1248,NEW,
1333,AAPL,SELL,IOC,255.11,1,1249,NEW,
1334,MSFT,BUY,LIMIT,400.69,378,1250,NEW,
1335,AMZN,SELL,LIMIT,197.7,29,1251,NEW,
1336,META,,,641.21,1,,AMEND,687
1337,AMZN,SELL,LIMIT,197.74,99,1252,NEW,
1338,AAPL,,,255.1,67,,AMEND,583
1339,AAPL,BUY,MARKET,,18,1253,NEW,
1340,SPY,SELL,LIMIT,680.01,28,1254,NEW,
1341,META,SELL,LIMIT,641.41,92,1255,NEW,
1342,GOOGL,,,,,,CANCEL,829
1343,AMZN,BUY,IOC,197.7,64,1256,NEW,
1344,MSFT,SELL,LIMIT,400.8,99,1257,NEW,
1345,SPY,,,681.52,87,,AMEND,18
1346,SPY,SELL,MARKET,,2,1258,NEW,
1347,AMZN,SELL,FOK,197.61,94,1259,NEW,
1348,AAPL,BUY,MARKET,,7,1260,NEW,
1349,META,,,,,,CANCEL,224
1350,SPY,BUY,LIMIT,680.03,37,1261,NEW,
1351,MSFT,BUY,IOC,400.83,2,1262,NEW,
1352,AMZN,BUY,FOK,197.53,23,1263,NEW,
1353,SPY,BUY,LIMIT,680.06,29,1264,NEW,
1354,TSLA,BUY,IOC,420.36,6,1265,NEW,
1355,TSLA,,,,,,CANCEL,472
1356,AMZN,SELL,LIMIT,197.59,43,1266,NEW,
1357,GOOGL,SELL,LIMIT,305.09,86,1267,NEW,
1358,SPY,SELL,LIMIT,680.34,14,1268,NEW,
1359,GOOGL,,,,,,CANCEL,684
1360,MSFT,,,400.83,121,,AMEND,648
1361,AAPL,,,,,,CANCEL,1005
1362,MSFT,BUY,MARKET,,5,1269,NEW,
1363,MSFT,BUY,LIMIT,400.72,22,1270,NEW,
1364,AAPL,SELL,MARKET,,39,1271,NEW,
1365,GOOGL,BUY,MARKET,,65,1272,NEW,
1366,AAPL,SELL,LIMIT,255.15,69,1273,NEW,
1367,GOOGL,SELL,LIMIT,305.09,14,1274,NEW,
1368,TSLA,SELL,LIMIT,420.57,89,1275,NEW,
1369,MSFT,SELL,LIMIT,400.89,99,1276,NEW,
1370,AMZN,,,,,,CANCEL,753
1371,META,SELL,LIMIT,641.16,23,1277,NEW,
1372,AAPL,SELL,MARKET,,4,1278,NEW,
1373,MSFT,,,400.81,9,,AMEND,643
1374,SPY,SELL,LIMIT,680.42,52,1279,NEW,
1375,MSFT,SELL,MARKET,,4,1280,NEW,
1376,NVDA,BUY,LIMIT,182.38,336,1281,NEW,
1377,MSFT,SELL,LIMIT,400.77,30,1282,NEW,
1378,SPY,BUY,LIMIT,680.25,652,1283,NEW,
1379,SPY,SELL,MARKET,,48,1284,NEW,
1380,GOOGL,BUY,LIMIT,305.02,94,1285,NEW,
1381,META,SELL,LIMIT,640.87,8,1286,NEW,
1382,AAPL,BUY,LIMIT,255.15,51,1287,NEW,
1383,META,,,,,,CANCEL,904
1384,GOOGL,BUY,LIMIT,304.93,20,1288,NEW,
1385,AMZN,SELL,IOC,197.53,87,1289,NEW,
1386,AAPL,,,,,,CANCEL,359
1387,GOOGL,,,305.05,209,,AMEND,848
1388,MSFT,,,400.76,37,,AMEND,389
1389,META,SELL,LIMIT,641.16,44,1290,NEW,
1390,TSLA,SELL,LIMIT,420.44,69,1291,NEW,
1391,TSLA,,,,,,CANCEL,382
1392,SPY,,,,,,CANCEL,97
1393,GOOGL,,,304.91,1,,AMEND,1055
1394,SPY,SELL,MARKET,,31,1292,NEW,
1395,AAPL,BUY,MARKET,,53,1293,NEW,
1396,MSFT,BUY,IOC,400.7,62,1294,NEW,
1397,TSLA,,,,,,CANCEL,756
1398,AAPL,BUY,MARKET,,94,1295,NEW,
1399,NVDA,BUY,MARKET,,46,1296,NEW,
1400,AAPL,SELL,LIMIT,255.26,34,1297,NEW,
1401,SPY,,,,,,CANCEL,280
1402,NVDA,,,182.97,44,,AMEND,627
1403,AAPL,BUY,MARKET,,6,1298,NEW,
1404,SPY,BUY,LIMIT,680.15,29,1299,NEW,
1405,AAPL,,,255.21,15,,AMEND,395
1406,SPY,SELL,LIMIT,680.37,64,1300,NEW,
1407,TSLA,SELL,IOC,420.28,95,1301,NEW,
1408,META,SELL,IOC,641.31,73,1302,NEW,
1409,GOOGL,BUY,LIMIT,304.98,26,1303,NEW,
1410,MSFT,SELL,LIMIT,400.78,82,1304,NEW,
1411,GOOGL,SELL,LIMIT,305.04,87,1305,NEW,
1412,MSFT,BUY,LIMIT,400.57,39,1306,NEW,
1413,AMZN,BUY,FOK,197.47,282,1307,NEW,
1414,AMZN,SELL,LIMIT,197.57,987,1308,NEW,
1415,META,,,,,,CANCEL,743
1416,NVDA,SELL,LIMIT,182.31,495,1309,NEW,
1417,META,SELL,MARKET,,11,1310,NEW,
1418,SPY,,,680.08,18,,AMEND,272
1419,TSLA,BUY,LIMIT,420.11,81,1311,NEW,
1420,AMZN,,,197.88,216,,AMEND,810
1421,AMZN,SELL,LIMIT,197.56,15,1312,NEW,
1422,GOOGL,BUY,LIMIT,304.98,414,1313,NEW,
1423,SPY,BUY,IOC,679.96,19,1314,NEW,
1424,SPY,BUY,LIMIT,679.95,32,1315,NEW,
1425,SPY,BUY,LIMIT,679.87,754,1316,NEW,
1426,TSLA,BUY,LIMIT,420.22,98,1317,NEW,
1427,META,,,639.34,56,,AMEND,745
1428,AMZN,SELL,LIMIT,197.65,312,1318,NEW,
1429,AMZN,SELL,LIMIT,197.66,27,1319,NEW,
1430,AMZN,SELL,MARKET,,12,1320,NEW,
1431,SPY,,,682.03,19,,AMEND,404
1432,SPY,,,680.07,27,,AMEND,535
1433,AAPL,BUY,MARKET,,661,1321,NEW,
1434,TSLA,BUY,LIMIT,420.44,81,1322,NEW,
1435,SPY,BUY,LIMIT,679.94,822,1323,NEW,
1436,TSLA,SELL,LIMIT,420.54,30,1324,NEW,
1437,TSLA,SELL,LIMIT,420.35,51,1325,NEW,
1438,TSLA,SELL,LIMIT,420.43,1,1326,NEW,
1439,AAPL,BUY,LIMIT,255.18,23,1327,NEW,
1440,MSFT,BUY,IOC,400.52,422,1328,NEW,
1441,AAPL,SELL,FOK,255.23,50,1329,NEW,
1442,NVDA,BUY,LIMIT,182.1,41,1330,NEW,
1443,META,BUY,LIMIT,641.37,32,1331,NEW,
1444,GOOGL,BUY,LIMIT,305,305,1332,NEW,
1445,AMZN,BUY,IOC,197.64,17,1333,NEW,
1446,AMZN,,,,,,CANCEL,1019
1447,NVDA,,,,,,CANCEL,297
1448,GOOGL,BUY,LIMIT,305.09,37,1334,NEW,
1449,GOOGL,BUY,LIMIT,305.06,65,1335,NEW,
1450,SPY,,,680.19,12,,AMEND,31
1451,AMZN,SELL,LIMIT,197.81,8,1336,NEW,
1452,SPY,SELL,LIMIT,680.42,34,1337,NEW,
1453,NVDA,BUY,MARKET,,563,1338,NEW,
1454,MSFT,BUY,IOC,400.46,16,1339,NEW,
1455,AMZN,BUY,LIMIT,197.83,47,1340,NEW,
1456,GOOGL,BUY,FOK,305.02,707,1341,NEW,
1457,TSLA,BUY,LIMIT,419.91,94,1342,NEW,
1458,AAPL,BUY,LIMIT,255.1,84,1343,NEW,
1459,TSLA,SELL,LIMIT,420.25,61,1344,NEW,
1460,TSLA,SELL,IOC,420.03,72,1345,NEW,
1461,NVDA,,,,,,CANCEL,123
1462,SPY,,,680.41,30,,AMEND,937
1463,GOOGL,,,305.15,68,,AMEND,477
1464,TSLA,SELL,LIMIT,420.03,99,1346,NEW,
1465,AMZN,SELL,LIMIT,197.81,3,1347,NEW,
1466,TSLA,SELL,IOC,420.1,73,1348,NEW,
1467,MSFT,SELL,LIMIT,400.53,32,1349,NEW,
1468,MSFT,SELL,LIMIT,400.55,99,1350,NEW,
1469,META,BUY,LIMIT,641.1,14,1351,NEW,
1470,SPY,BUY,IOC,680.28,25,1352,NEW,
1471,TSLA,SELL,MARKET,,93,1353,NEW,
1472,SPY,SELL,LIMIT,680.33,27,1354,NEW,
1473,NVDA,BUY,LIMIT,182.21,22,1355,NEW,
1474,AAPL,SELL,MARKET,,24,1356,NEW,
1475,NVDA,,,,,,CANCEL,264
1476,TSLA,BUY,MARKET,,100,1357,NEW,
1477,NVDA,,,,,,CANCEL,83
1478,SPY,,,680.07,27,,AMEND,674
1479,NVDA,,,,,,CANCEL,181
1480,GOOGL,,,,,,CANCEL,1267
1481,AMZN,SELL,IOC,197.8,95,1358,NEW,
1482,AAPL,,,255.12,1,,AMEND,616
1483,GOOGL,BUY,MARKET,,760,1359,NEW,
1484,MSFT,BUY,IOC,400.46,26,1360,NEW,
1485,GOOGL,SELL,LIMIT,305.07,19,1361,NEW,
1486,MSFT,BUY,LIMIT,400.39,18,1362,NEW,
1487,META,,,640.92,42,,AMEND,987
1488,META,BUY,FOK,640.95,7,1363,NEW,
1489,NVDA,BUY,LIMIT,182.18,8,1364,NEW,
1490,TSLA,BUY,IOC,419.75,89,1365,NEW,
1491,AMZN,BUY,FOK,197.72,69,1366,NEW,
1492,META,SELL,LIMIT,641.01,306,1367,NEW,
1493,NVDA,BUY,MARKET,,2,1368,NEW,
1494,NVDA,SELL,LIMIT,182.2,34,1369,NEW,
1495,MSFT,,,400.54,169,,AMEND,1257
1496,AAPL,SELL,FOK,255.11,66,1370,NEW,
1497,META,SELL,MARKET,,93,1371,NEW,
1498,NVDA,SELL,IOC,182.29,18,1372,NEW,
1499,MSFT,SELL,LIMIT,400.54,7,1373,NEW,
1500,TSLA,,,419.9,1,,AMEND,1114
1501,META,,,641.18,33,,AMEND,361
1502,SPY,,,,,,CANCEL,861
1503,AMZN,SELL,MARKET,,63,1374,NEW,
1504,NVDA,,,182.29,211,,AMEND,436
1505,SPY,SELL,FOK,680.38,48,1375,NEW,
1506,NVDA,BUY,LIMIT,182.18,57,1376,NEW,
1507,SPY,BUY,IOC,680.13,81,1377,NEW,
1508,MSFT,SELL,LIMIT,400.38,80,1378,NEW,
1509,NVDA,,,,,,CANCEL,636
1510,NVDA,BUY,LIMIT,182.28,100,1379,NEW,
1511,META,SELL,LIMIT,641.49,12,1380,NEW,
1512,TSLA,BUY,LIMIT,419.72,5,1381,NEW,
1513,SPY,BUY,LIMIT,680.22,80,1382,NEW,
1514,NVDA,SELL,FOK,182.26,7,1383,NEW,
1515,AAPL,BUY,IOC,255.09,42,1384,NEW,
1516,AAPL,SELL,FOK,255.25,2,1385,NEW,
1517,META,,,640.58,18,,AMEND,879
1518,SPY,,,681.08,42,,AMEND,671
1519,GOOGL,SELL,MARKET,,459,1386,NEW,
1520,TSLA,SELL,LIMIT,420.04,54,1387,NEW,
1521,AAPL,BUY,FOK,255.18,83,1388,NEW,
1522,AMZN,SELL,LIMIT,197.72,47,1389,NEW,
1523,SPY,BUY,LIMIT,680.22,225,1390,NEW,
1524,NVDA,BUY,LIMIT,182.24,97,1391,NEW,
1525,GOOGL,BUY,MARKET,,28,1392,NEW,
1526,MSFT,BUY,LIMIT,400.22,38,1393,NEW,
1527,META,BUY,LIMIT,641.26,43,1394,NEW,
1528,MSFT,BUY,IOC,400.3,69,1395,NEW,
1529,MSFT,SELL,LIMIT,400.46,50,1396,NEW,
1530,NVDA,BUY,LIMIT,182.19,75,1397,NEW,
1531,NVDA,BUY,LIMIT,182.19,49,1398,NEW,
1532,AAPL,SELL,LIMIT,255.26,4,1399,NEW,
1533,NVDA,SELL,FOK,182.29,46,1400,NEW,
1534,NVDA,BUY,LIMIT,182.2,7,1401,NEW,
1535,META,BUY,MARKET,,925,1402,NEW,
1536,SPY,,,,,,CANCEL,822
1537,MSFT,BUY,LIMIT,400.34,70,1403,NEW,
1538,TSLA,BUY,LIMIT,419.9,97,1404,NEW,
1539,TSLA,SELL,LIMIT,419.9,62,1405,NEW,
1540,SPY,,,680.24,58,,AMEND,820
1541,META,SELL,IOC,640.98,11,1406,NEW,
1542,NVDA,SELL,LIMIT,182.27,941,1407,NEW,
1543,AMZN,BUY,LIMIT,197.68,16,1408,NEW,
1544,NVDA,SELL,IOC,182.29,35,1409,NEW,
1545,NVDA,BUY,LIMIT,182.22,217,1410,NEW,
1546,AAPL,SELL,LIMIT,255.18,57,1411,NEW,
1547,AMZN,BUY,FOK,197.64,20,1412,NEW,
1548,SPY,SELL,LIMIT,680.4,10,1413,NEW,
1549,GOOGL,BUY,LIMIT,304.98,63,1414,NEW,
1550,GOOGL,SELL,LIMIT,305.08,52,1415,NEW,
1551,AMZN,,,197.96,79,,AMEND,669
1552,TSLA,BUY,LIMIT,419.9,12,1416,NEW,
1553,NVDA,SELL,LIMIT,182.3,62,1417,NEW,
1554,TSLA,,,419.18,151,,AMEND,1165
1555,NVDA,,,182.3,910,,AMEND,65
1556,AMZN,,,197.72,58,,AMEND,977
1557,GOOGL,,,304.97,32,,AMEND,650
1558,NVDA,BUY,MARKET,,77,1418,NEW,
1559,TSLA,BUY,LIMIT,420.22,70,1419,NEW,
1560,TSLA,,,,,,CANCEL,234
1561,TSLA,BUY,FOK,420.02,32,1420,NEW,
1562,GOOGL,SELL,LIMIT,304.95,84,1421,NEW,
1563,MSFT,SELL,MARKET,,40,1422,NEW,
1564,AAPL,SELL,LIMIT,255.17,32,1423,NEW,
1565,META,BUY,IOC,640.84,41,1424,NEW,
1566,AMZN,,,,,,CANCEL,1336
1567,AMZN,,,,,,CANCEL,765
1568,MSFT,,,400.36,668,,AMEND,101
1569,NVDA,SELL,LIMIT,182.15,76,1425,NEW,
1570,AAPL,BUY,FOK,255.04,7,1426,NEW,
1571,AAPL,SELL,LIMIT,255.11,88,1427,NEW,
1572,GOOGL,SELL,LIMIT,304.97,99,1428,NEW,
1573,AAPL,,,255.13,185,,AMEND,23
1574,TSLA,BUY,FOK,420.15,87,1429,NEW,
1575,NVDA,BUY,IOC,182.13,34,1430,NEW,
1576,NVDA,SELL,LIMIT,182.2,7,1431,NEW,
1577,SPY,SELL,MARKET,,78,1432,NEW,
1578,MSFT,,,400.39,36,,AMEND,38201
1579,GOOGL,SELL,IOC,305.04,98,1433,NEW,
1580,MSFT,SELL,LIMIT,400.57,10,1434,NEW,
1581,AAPL,SELL,LIMIT,255.1,23,1435,NEW,
1582,AMZN,,,,,,CANCEL,689
1583,GOOGL,SELL,LIMIT,305.09,29,1436,NEW,
1584,AAPL,BUY,LIMIT,254.97,90,1437,NEW,
1585,AAPL,,,,,,CANCEL,595
1586,AAPL,SELL,LIMIT,255.07,79,1438,NEW,
1587,GOOGL,BUY,LIMIT,305.01,23,1439,NEW,
1588,MSFT,BUY,MARKET,,69,1440,NEW,
1589,SPY,,,,,,CANCEL,1045
1590,GOOGL,SELL,IOC,305.13,38,1441,NEW,
1591,AMZN,BUY,MARKET,,705,1442,NEW,
1592,GOOGL,,,,,,CANCEL,839
1593,GOOGL,BUY,IOC,305.02,58,1443,NEW,
1594,AAPL,,,,,,CANCEL,214
1595,AMZN,SELL,MARKET,,99,1444,NEW,
1596,AAPL,SELL,FOK,255.14,12,1445,NEW,
1597,SPY,,,680.59,6,,AMEND,1015
1598,SPY,SELL,MARKET,,872,1446,NEW,
1599,META,SELL,LIMIT,641.34,57,1447,NEW,
1600,AMZN,SELL,LIMIT,197.78,26,1448,NEW,
1601,SPY,SELL,LIMIT,680.48,36,1449,NEW,
1602,MSFT,,,400.32,95,,AMEND,844
1603,SPY,,,,,,CANCEL,602
1604,AMZN,SELL,LIMIT,197.67,77,1450,NEW,
1605,GOOGL,,,,,,CANCEL,561
1606,AAPL,BUY,IOC,255.09,18,1451,NEW,
1607,GOOGL,SELL,LIMIT,305.17,20,1452,NEW,
1608,SPY,BUY,LIMIT,680.23,69,1453,NEW,
1609,TSLA,SELL,LIMIT,420.33,34,1454,NEW,
1610,GOOGL,,,,,,CANCEL,906
1611,NVDA,SELL,LIMIT,182.32,47,1455,NEW,
1612,MSFT,BUY,FOK,400.34,71,1456,NEW,
1613,AAPL,,,,,,CANCEL,794
1614,NVDA,BUY,IOC,182.24,92,1457,NEW,
1615,AMZN,SELL,LIMIT,197.71,49,1458,NEW,
1616,NVDA,,,,,,CANCEL,855
1617,AMZN,BUY,LIMIT,197.62,16,1459,NEW,
1618,SPY,SELL,LIMIT,680.16,10,1460,NEW,
1619,AAPL,SELL,IOC,255.09,232,1461,NEW,
1620,NVDA,BUY,FOK,182.2,75,1462,NEW,
1621,META,BUY,LIMIT,640.91,89,1463,NEW,
1622,AAPL,,,,,,CANCEL,592
1623,TSLA,SELL,IOC,420.17,55,1464,NEW,
1624,MSFT,,,,,,CANCEL,677
1625,AMZN,,,197.65,299,,AMEND,1318
1626,AMZN,BUY,LIMIT,197.7,77,1465,NEW,
1627,MSFT,,,400.33,651,,AMEND,101
1628,AMZN,SELL,LIMIT,197.82,37,1466,NEW,
1629,AAPL,SELL,LIMIT,255.07,83,1467,NEW,
1630,SPY,BUY,MARKET,,57,1468,NEW,
1631,GOOGL,SELL,LIMIT,305.14,66,1469,NEW,
1632,AAPL,SELL,LIMIT,255.07,97,1470,NEW,
1633,AAPL,BUY,LIMIT,255.05,12,1471,NEW,
1634,META,BUY,LIMIT,641.06,80,1472,NEW,
1635,NVDA,SELL,LIMIT,182.25,69,1473,NEW,
1636,TSLA,BUY,LIMIT,420.26,25,1474,NEW,
1637,GOOGL,SELL,FOK,305.21,61,1475,NEW,
1638,AAPL,,,255.06,73,,AMEND,682
1639,GOOGL,SELL,LIMIT,305.14,48,1476,NEW,
1640,AAPL,SELL,MARKET,,323,1477,NEW,
1641,AMZN,SELL,MARKET,,3,1478,NEW,
1642,SPY,SELL,LIMIT,680.08,29,1479,NEW,
1643,META,BUY,LIMIT,640.82,82,1480,NEW,
1644,NVDA,SELL,MARKET,,86,1481,NEW,
1645,TSLA,SELL,LIMIT,420.37,916,1482,NEW,
1646,TSLA,BUY,LIMIT,419.76,100,1483,NEW,
1647,AAPL,,,,,,CANCEL,969
1648,GOOGL,BUY,LIMIT,305.18,51,1484,NEW,
1649,NVDA,SELL,IOC,182.38,25,1485,NEW,
1650,GOOGL,SELL,LIMIT,305.28,36,1486,NEW,
1651,AAPL,SELL,MARKET,,88,1487,NEW,
1652,NVDA,SELL,IOC,182.29,259,1488,NEW,
1653,TSLA,SELL,LIMIT,419.71,21,1489,NEW,
1654,NVDA,SELL,LIMIT,182.22,43,1490,NEW,
1655,META,SELL,LIMIT,640.85,24,1491,NEW,
1656,AAPL,SELL,LIMIT,255.2,41,1492,NEW,
1657,AAPL,SELL,MARKET,,36,1493,NEW,
1658,TSLA,BUY,LIMIT,419.54,46,1494,NEW,
1659,AAPL,,,,,,CANCEL,913
1660,AMZN,,,197.81,56,,AMEND,67
1661,MSFT,BUY,LIMIT,400.36,60,1495,NEW,
1662,NVDA,SELL,FOK,182.28,32,1496,NEW,
1663,GOOGL,BUY,FOK,305.13,40,1497,NEW,
1664,TSLA,,,,,,CANCEL,667
1665,TSLA,SELL,IOC,419.47,61,1498,NEW,
1666,META,,,640.88,69,,AMEND,245
1667,SPY,,,,,,CANCEL,933
1668,NVDA,,,183.07,40,,AMEND,563
1669,NVDA,BUY,LIMIT,182.23,53,1499,NEW,
1670,MSFT,BUY,LIMIT,400.46,19,1500,NEW,
1671,AMZN,SELL,LIMIT,197.81,50,1501,NEW,
1672,AMZN,SELL,LIMIT,197.8,83,1502,NEW,
1673,NVDA,BUY,MARKET,,60,1503,NEW,
1674,AAPL,SELL,LIMIT,255.11,3,1504,NEW,
1675,SPY,BUY,LIMIT,679.71,59,1505,NEW,
1676,NVDA,BUY,LIMIT,182.31,63,1506,NEW,
1677,AAPL,,,255.09,70,,AMEND,540
1678,NVDA,,,,,,CANCEL,1376
1679,NVDA,,,,,,CANCEL,1012
1680,NVDA,SELL,MARKET,,23,1507,NEW,
1681,AAPL,BUY,MARKET,,2,1508,NEW,
1682,GOOGL,BUY,FOK,305.11,18,1509,NEW,
1683,AMZN,,,,,,CANCEL,600
1684,AAPL,,,255.11,1,,AMEND,698
1685,AAPL,BUY,LIMIT,255.11,30,1510,NEW,
1686,AAPL,BUY,IOC,255.1,96,1511,NEW,
1687,META,,,,,,CANCEL,740
1688,MSFT,BUY,LIMIT,400.42,720,1512,NEW,
1689,AMZN,SELL,LIMIT,197.71,80,1513,NEW,
1690,SPY,SELL,LIMIT,680.1,68,1514,NEW,
1691,AMZN,SELL,LIMIT,197.62,275,1515,NEW,
1692,TSLA,,,,,,CANCEL,915
1693,NVDA,,,182.25,177,,AMEND,659
1694,NVDA,,,,,,CANCEL,534
1695,TSLA,,,419.47,70,,AMEND,49
1696,TSLA,SELL,LIMIT,419.65,33,1516,NEW,
1697,AAPL,SELL,MARKET,,85,1517,NEW,
1698,GOOGL,SELL,LIMIT,305.34,81,1518,NEW,
1699,MSFT,SELL,LIMIT,400.46,29,1519,NEW,
1700,NVDA,SELL,FOK,182.33,32,1520,NEW,
1701,GOOGL,SELL,MARKET,,26,1521,NEW,
1702,GOOGL,BUY,LIMIT,305.3,1,1522,NEW,
1703,GOOGL,,,,,,CANCEL,619
1704,META,SELL,LIMIT,640.64,784,1523,NEW,
1705,NVDA,,,,,,CANCEL,70
1706,TSLA,,,,,,CANCEL,776
1707,TSLA,BUY,MARKET,,19,1524,NEW,
1708,AAPL,BUY,LIMIT,254.95,38,1525,NEW,
1709,SPY,BUY,MARKET,,100,1526,NEW,
1710,SPY,BUY,LIMIT,679.92,10,1527,NEW,
1711,META,BUY,LIMIT,640.05,488,1528,NEW,
1712,GOOGL,SELL,LIMIT,305.39,99,1529,NEW,
1713,SPY,,,681.79,1,,AMEND,136
1714,MSFT,SELL,LIMIT,400.45,64,1530,NEW,
1715,SPY,BUY,LIMIT,679.91,53,1531,NEW,
1716,META,,,640.04,62,,AMEND,486
1717,TSLA,SELL,LIMIT,419.91,23,1532,NEW,
1718,AAPL,BUY,FOK,255.03,19,1533,NEW,
1719,NVDA,SELL,LIMIT,182.33,81,1534,NEW,
1720,GOOGL,BUY,MARKET,,84,1535,NEW,
1721,MSFT,,,,,,CANCEL,267
1722,TSLA,,,,,,CANCEL,59
1723,SPY,,,682.33,33,,AMEND,441
1724,AAPL,BUY,LIMIT,255.1,81,1536,NEW,
1725,NVDA,BUY,LIMIT,182.24,10,1537,NEW,
1726,AAPL,BUY,LIMIT,255.06,22,1538,NEW,
1727,MSFT,BUY,IOC,400.45,71,1539,NEW,
1728,TSLA,BUY,LIMIT,419.72,72,1540,NEW,
1729,MSFT,,,401.19,69,,AMEND,188
1730,META,SELL,LIMIT,640.15,82,1541,NEW,
1731,AMZN,,,,,,CANCEL,797
1732,AMZN,SELL,LIMIT,197.54,2,1542,NEW,
1733,GOOGL,,,305.89,1,,AMEND,387
1734,AAPL,SELL,LIMIT,255.12,67,1543,NEW,
1735,TSLA,,,,,,CANCEL,993
1736,NVDA,BUY,LIMIT,182.21,56,1544,NEW,
1737,AAPL,BUY,MARKET,,34,1545,NEW,
1738,GOOGL,SELL,LIMIT,305.37,62,1546,NEW,
1739,AAPL,BUY,MARKET,,62,1547,NEW,
1740,TSLA,SELL,LIMIT,420.17,834,1548,NEW,
1741,META,SELL,LIMIT,640.03,23,1549,NEW,
1742,TSLA,SELL,LIMIT,420.18,51,1550,NEW,
1743,NVDA,,,182.22,76,,AMEND,1096
1744,NVDA,,,182.21,3,,AMEND,61
1745,META,,,640.01,87,,AMEND,1255
1746,NVDA,,,,,,CANCEL,1473
1747,META,SELL,LIMIT,640.34,66,1551,NEW,
1748,TSLA,SELL,LIMIT,420.18,58,1552,NEW,
1749,TSLA,SELL,LIMIT,420.23,31,1553,NEW,
1750,NVDA,SELL,LIMIT,182.24,6,1554,NEW,
1751,AMZN,BUY,MARKET,,30,1555,NEW,
1752,MSFT,BUY,MARKET,,68,1556,NEW,
1753,AMZN,BUY,LIMIT,197.33,98,1557,NEW,
1754,META,BUY,LIMIT,640.16,49,1558,NEW,
1755,GOOGL,SELL,LIMIT,305.39,73,1559,NEW,
1756,AMZN,BUY,LIMIT,197.35,49,1560,NEW,
1757,META,BUY,FOK,640.19,87,1561,NEW,
1758,TSLA,SELL,LIMIT,420.41,39,1562,NEW,
1759,NVDA,BUY,FOK,182.17,90,1563,NEW,
1760,NVDA,BUY,LIMIT,182.22,337,1564,NEW,
1761,SPY,BUY,LIMIT,679.82,50,1565,NEW,
1762,AAPL,SELL,LIMIT,254.99,42,1566,NEW,
1763,META,BUY,LIMIT,640.14,48,1567,NEW,
1764,AAPL,,,,,,CANCEL,279
1765,AAPL,SELL,LIMIT,255.06,72,1568,NEW,
1766,TSLA,BUY,LIMIT,420.15,22,1569,NEW,
1767,NVDA,BUY,FOK,182.3,6,1570,NEW,
1768,MSFT,SELL,LIMIT,400.46,100,1571,NEW,
1769,META,BUY,LIMIT,640.4,96,1572,NEW,
1770,MSFT,BUY,LIMIT,400.38,3,1573,NEW,
1771,META,SELL,LIMIT,640.46,81,1574,NEW,
1772,GOOGL,,,,,,CANCEL,508
1773,MSFT,,,,,,CANCEL,1403
1774,GOOGL,BUY,IOC,305.21,64,1575,NEW,
1775,NVDA,,,182.37,41,,AMEND,1490
1776,AMZN,SELL,LIMIT,197.37,18,1576,NEW,
1777,AAPL,BUY,FOK,255.02,43,1577,NEW,
1778,NVDA,SELL,LIMIT,182.45,66,1578,NEW,
1779,META,,,640.44,5,,AMEND,1491
1780,MSFT,SELL,MARKET,,9,1579,NEW,
1781,TSLA,BUY,LIMIT,420.14,5,1580,NEW,
1782,MSFT,SELL,LIMIT,400.21,31,1581,NEW,
1783,NVDA,BUY,IOC,182.4,76,1582,NEW,
1784,AAPL,BUY,LIMIT,255.02,50,1583,NEW,
1785,SPY,SELL,IOC,680.12,16,1584,NEW,
1786,AAPL,BUY,IOC,255.09,82,1585,NEW,
1787,MSFT,SELL,LIMIT,400.23,8,1586,NEW,
1788,AMZN,,,,,,CANCEL,990
1789,TSLA,BUY,LIMIT,420.3,21,1587,NEW,
1790,META,SELL,LIMIT,640.3,34,1588,NEW,
1791,META,,,,,,CANCEL,665
1792,MSFT,,,,,,CANCEL,33310
1793,GOOGL,BUY,LIMIT,305.26,960,1589,NEW,
1794,GOOGL,SELL,MARKET,,80,1590,NEW,
1795,SPY,BUY,IOC,679.74,100,1591,NEW,
1796,GOOGL,,,305.45,44,,AMEND,477
1797,NVDA,BUY,LIMIT,182.46,14,1592,NEW,
1798,NVDA,,,182.51,112,,AMEND,912
1799,NVDA,BUY,LIMIT,182.45,90,1593,NEW,
1800,AAPL,BUY,LIMIT,255.08,54,1594,NEW,
1801,AAPL,SELL,LIMIT,255.19,18,1595,NEW,
1802,GOOGL,BUY,LIMIT,305.26,15,1596,NEW,
1803,META,BUY,FOK,640.24,632,1597,NEW,
1804,NVDA,,,,,,CANCEL,1537
1805,GOOGL,BUY,LIMIT,305.25,5,1598,NEW,
1806,NVDA,,,182.51,229,,AMEND,1002
1807,META,BUY,LIMIT,640.49,964,1599,NEW,
1808,NVDA,SELL,LIMIT,182.46,69,1600,NEW,
1809,AMZN,BUY,LIMIT,197.26,32,1601,NEW,
1810,SPY,SELL,FOK,679.97,85,1602,NEW,
1811,NVDA,SELL,LIMIT,182.38,29,1603,NEW,
1812,MSFT,BUY,MARKET,,51,1604,NEW,
1813,META,BUY,FOK,640.41,710,1605,NEW,
1814,AAPL,SELL,LIMIT,255.03,27,1606,NEW,
1815,AAPL,BUY,IOC,255,33,1607,NEW,
1816,AAPL,SELL,FOK,255.13,98,1608,NEW,
1817,NVDA,SELL,LIMIT,182.45,874,1609,NEW,
1818,META,SELL,LIMIT,640.78,291,1610,NEW,
1819,AAPL,BUY,MARKET,,67,1611,NEW,
1820,AAPL,BUY,IOC,254.96,69,1612,NEW,
1821,GOOGL,SELL,LIMIT,305.49,84,1613,NEW,
1822,SPY,SELL,IOC,680.08,71,1614,NEW,
1823,AAPL,BUY,LIMIT,254.95,17,1615,NEW,
1824,SPY,SELL,LIMIT,680.14,61,1616,NEW,
1825,META,,,641.51,210,,AMEND,1106
1826,SPY,SELL,IOC,680.11,7,1617,NEW,
1827,MSFT,SELL,LIMIT,400.22,12,1618,NEW,
1828,GOOGL,,,,,,CANCEL,86
1829,GOOGL,SELL,LIMIT,305.44,32,1619,NEW,
1830,MSFT,,,401.37,42,,AMEND,151
1831,AMZN,BUY,FOK,197.26,19,1620,NEW,
1832,AMZN,,,197.28,57,,AMEND,21577
1833,META,,,640.49,106,,AMEND,455
1834,AAPL,BUY,LIMIT,254.98,57,1621,NEW,
1835,AMZN,BUY,FOK,197.26,73,1622,NEW,
1836,MSFT,,,,,,CANCEL,366
1837,AMZN,BUY,LIMIT,197.3,97,1623,NEW,
1838,MSFT,,,,,,CANCEL,64
1839,TSLA,SELL,LIMIT,420.45,17,1624,NEW,
1840,META,,,,,,CANCEL,879
1841,MSFT,,,,,,CANCEL,1091
1842,MSFT,SELL,LIMIT,400.13,47,1625,NEW,
1843,SPY,SELL,MARKET,,320,1626,NEW,
1844,META,SELL,LIMIT,640.92,9,1627,NEW,
1845,GOOGL,BUY,LIMIT,305.4,66,1628,NEW,
1846,AMZN,BUY,LIMIT,197.34,33,1629,NEW,
1847,NVDA,SELL,LIMIT,182.29,78,1630,NEW,
1848,NVDA,SELL,IOC,182.17,63,1631,NEW,
1849,META,BUY,LIMIT,640.44,52,1632,NEW,
1850,NVDA,BUY,MARKET,,23,1633,NEW,
1851,SPY,,,,,,CANCEL,1268
1852,SPY,SELL,LIMIT,680.06,66,1634,NEW,
1853,AMZN,BUY,FOK,197.31,37,1635,NEW,
1854,AAPL,BUY,MARKET,,12,1636,NEW,
1855,AAPL,BUY,IOC,254.98,56,1637,NEW,
1856,AMZN,BUY,MARKET,,77,1638,NEW,
1857,GOOGL,,,,,,CANCEL,1596
1858,AAPL,SELL,LIMIT,255.09,18,1639,NEW,
1859,NVDA,SELL,FOK,182.14,93,1640,NEW,
1860,AAPL,BUY,LIMIT,254.98,51,1641,NEW,
1861,MSFT,,,400.11,171,,AMEND,968
1862,AMZN,BUY,LIMIT,197.32,64,1642,NEW,
1863,TSLA,,,420.44,49,,AMEND,1104
1864,META,SELL,LIMIT,640.73,58,1643,NEW,
1865,AAPL,BUY,LIMIT,255.05,12,1644,NEW,
1866,GOOGL,BUY,LIMIT,305.49,97,1645,NEW,
1867,NVDA,BUY,LIMIT,182.03,62,1646,NEW,
1868,MSFT,SELL,LIMIT,400.11,52,1647,NEW,
1869,GOOGL,,,,,,CANCEL,1087
1870,SPY,SELL,LIMIT,680.14,54,1648,NEW,
1871,NVDA,,,,,,CANCEL,1410
1872,TSLA,SELL,LIMIT,420.66,67,1649,NEW,
1873,META,BUY,MARKET,,47,1650,NEW,
1874,NVDA,,,,,,CANCEL,191
1875,TSLA,BUY,LIMIT,420.63,95,1651,NEW,
1876,TSLA,,,,,,CANCEL,1346
1877,GOOGL,BUY,LIMIT,305.41,47,1652,NEW,
1878,TSLA,SELL,MARKET,,403,1653,NEW,
1879,META,SELL,IOC,640.58,7,1654,NEW,
1880,GOOGL,BUY,LIMIT,305.43,52,1655,NEW,
1881,SPY,BUY,LIMIT,679.78,82,1656,NEW,
1882,MSFT,,,,,,CANCEL,1362
1883,NVDA,SELL,LIMIT,182.09,260,1657,NEW,
1884,META,SELL,MARKET,,52,1658,NEW,
1885,GOOGL,BUY,LIMIT,305.39,4,1659,NEW,
1886,AMZN,,,,,,CANCEL,282
1887,META,SELL,MARKET,,89,1660,NEW,
1888,MSFT,,,400.75,3,,AMEND,416
1889,GOOGL,BUY,MARKET,,88,1661,NEW,
1890,AMZN,,,198.2,31,,AMEND,511
1891,SPY,BUY,MARKET,,1,1662,NEW,
1892,MSFT,SELL,IOC,400.01,23,1663,NEW,
1893,MSFT,,,400.03,89,,AMEND,1037
1894,GOOGL,SELL,MARKET,,93,1664,NEW,
1895,NVDA,BUY,LIMIT,182.03,89,1665,NEW,
1896,NVDA,BUY,LIMIT,182.04,94,1666,NEW,
1897,META,BUY,FOK,640.34,74,1667,NEW,
1898,GOOGL,,,,,,CANCEL,161
1899,NVDA,,,,,,CANCEL,888
1900,AAPL,BUY,MARKET,,26,1668,NEW,
1901,AMZN,SELL,LIMIT,197.29,94,1669,NEW,
1902,AAPL,BUY,LIMIT,254.97,377,1670,NEW,
1903,GOOGL,BUY,IOC,305.43,44,1671,NEW,
1904,AAPL,SELL,LIMIT,255.06,83,1672,NEW,
1905,AAPL,BUY,IOC,254.94,50,1673,NEW,
1906,TSLA,SELL,IOC,420.75,29,1674,NEW,
1907,GOOGL,,,,,,CANCEL,411
1908,META,BUY,LIMIT,640.19,94,1675,NEW,
1909,META,BUY,IOC,640.16,86,1676,NEW,
1910,META,BUY,FOK,639.89,24,1677,NEW,
1911,GOOGL,,,,,,CANCEL,1436
1912,AAPL,SELL,IOC,255.1,33,1678,NEW,
1913,TSLA,BUY,LIMIT,420.59,74,1679,NEW,
1914,NVDA,SELL,FOK,182.17,95,1680,NEW,
1915,NVDA,,,,,,CANCEL,554
1916,NVDA,,,,,,CANCEL,1008
1917,MSFT,BUY,LIMIT,399.83,49,1681,NEW,
1918,TSLA,,,,,,CANCEL,1322
1919,GOOGL,BUY,IOC,305.34,70,1682,NEW,
1920,NVDA,BUY,LIMIT,182.09,54,1683,NEW,
1921,META,BUY,LIMIT,639.78,27,1684,NEW,
1922,TSLA,BUY,LIMIT,420.37,33,1685,NEW,
1923,TSLA,,,,,,CANCEL,840
1924,TSLA,SELL,MARKET,,71,1686,NEW,
1925,NVDA,SELL,LIMIT,182.05,36,1687,NEW,
1926,AMZN,,,,,,CANCEL,528
1927,AMZN,,,,,,CANCEL,1459
1928,AAPL,SELL,IOC,255.1,34,1688,NEW,
1929,AMZN,BUY,FOK,197.14,4,1689,NEW,
1930,TSLA,BUY,LIMIT,420.07,46,1690,NEW,
1931,NVDA,BUY,LIMIT,181.91,84,1691,NEW,
1932,NVDA,BUY,LIMIT,181.92,52,1692,NEW,
1933,MSFT,BUY,FOK,399.86,91,1693,NEW,
1934,TSLA,SELL,MARKET,,915,1694,NEW,
1935,SPY,BUY,MARKET,,17,1695,NEW,
1936,AMZN,BUY,MARKET,,262,1696,NEW,
1937,TSLA,BUY,LIMIT,419.37,69,1697,NEW,
1938,GOOGL,SELL,MARKET,,37,1698,NEW,
1939,NVDA,SELL,LIMIT,181.91,692,1699,NEW,
1940,AAPL,BUY,LIMIT,255.04,30,1700,NEW,
1941,MSFT,SELL,LIMIT,399.94,14,1701,NEW,
1942,AAPL,,,,,,CANCEL,332
1943,NVDA,BUY,MARKET,,5,1702,NEW,
1944,GOOGL,BUY,LIMIT,305.24,86,1703,NEW,
1945,MSFT,BUY,LIMIT,399.79,46,1704,NEW,
1946,GOOGL,,,,,,CANCEL,737
1947,TSLA,BUY,MARKET,,77,1705,NEW,
1948,SPY,,,,,,CANCEL,1000
1949,MSFT,SELL,LIMIT,400.08,64,1706,NEW,
1950,META,,,,,,CANCEL,956
1951,TSLA,SELL,LIMIT,419.57,656,1707,NEW,
1952,AMZN,BUY,LIMIT,197.02,31,1708,NEW,
1953,MSFT,BUY,LIMIT,399.99,99,1709,NEW,
1954,AAPL,SELL,LIMIT,255.16,23,1710,NEW,
1955,AMZN,,,197.67,35,,AMEND,1450
1956,NVDA,SELL,LIMIT,181.82,801,1711,NEW,
1957,GOOGL,SELL,LIMIT,305.42,39,1712,NEW,
1958,MSFT,SELL,FOK,400.09,84,1713,NEW,
1959,SPY,,,,,,CANCEL,1254
1960,SPY,,,,,,CANCEL,378
1961,AMZN,BUY,FOK,196.97,50,1714,NEW,
1962,META,BUY,LIMIT,639.91,13,1715,NEW,
1963,GOOGL,SELL,LIMIT,305.36,96,1716,NEW,
1964,MSFT,,,400.14,1,,AMEND,631
1965,AMZN,BUY,LIMIT,196.91,17,1717,NEW,
1966,SPY,,,,,,CANCEL,63
1967,TSLA,BUY,LIMIT,419.48,3,1718,NEW,
1968,MSFT,BUY,LIMIT,400.01,47,1719,NEW,
1969,AMZN,SELL,LIMIT,196.97,5,1720,NEW,
1970,TSLA,,,,,,CANCEL,1651
1971,AAPL,BUY,FOK,255.07,65,1721,NEW,
1972,MSFT,,,400.18,441,,AMEND,577
1973,AMZN,,,198.67,51,,AMEND,54
1974,MSFT,,,,,,CANCEL,631
1975,SPY,,,680.25,128,,AMEND,327
1976,AAPL,,,,,,CANCEL,559
1977,SPY,,,,,,CANCEL,1204
1978,GOOGL,BUY,LIMIT,305.23,42,1722,NEW,
1979,AMZN,SELL,LIMIT,196.89,879,1723,NEW,
1980,TSLA,SELL,LIMIT,419.62,79,1724,NEW,
1981,MSFT,,,,,,CANCEL,749
1982,NVDA,SELL,LIMIT,181.86,47,1725,NEW,
1983,NVDA,,,,,,CANCEL,405
1984,SPY,BUY,IOC,680.2,38,1726,NEW,
1985,NVDA,SELL,IOC,181.77,271,1727,NEW,
1986,TSLA,BUY,MARKET,,37,1728,NEW,
1987,MSFT,SELL,LIMIT,400.14,60,1729,NEW,
1988,MSFT,,,400.56,283,,AMEND,707
1989,AAPL,BUY,LIMIT,255.09,55,1730,NEW,
1990,GOOGL,,,,,,CANCEL,434
1991,NVDA,SELL,LIMIT,181.78,18,1731,NEW,
1992,META,,,641.03,95,,AMEND,1180
1993,TSLA,BUY,LIMIT,419.13,89,1732,NEW,
1994,TSLA,BUY,FOK,419.21,8,1733,NEW,
1995,MSFT,SELL,LIMIT,400.09,36,1734,NEW,
1996,TSLA,SELL,IOC,419.42,51,1735,NEW,
1997,NVDA,SELL,MARKET,,27,1736,NEW,
1998,GOOGL,,,305.57,55,,AMEND,474
1999,AAPL,,,,,,CANCEL,204
2000,AMZN,SELL,MARKET,,7,1737,NEW,
2001,TSLA,BUY,LIMIT,419.12,48,1738,NEW,
2002,MSFT,BUY,LIMIT,399.98,12,1739,NEW,
2003,NVDA,SELL,IOC,181.84,23,1740,NEW,
2004,SPY,BUY,LIMIT,680.02,16,1741,NEW,
2005,GOOGL,BUY,LIMIT,305.11,433,1742,NEW,
2006,AAPL,,,,,,CANCEL,1427
2007,GOOGL,,,,,,CANCEL,74
2008,MSFT,,,,,,CANCEL,377
2009,SPY,,,680.28,35,,AMEND,902
2010,GOOGL,SELL,LIMIT,305.25,83,1743,NEW,
2011,AMZN,SELL,LIMIT,196.85,93,1744,NEW,
2012,AMZN,,,,,,CANCEL,72
2013,NVDA,SELL,IOC,181.91,15,1745,NEW,
2014,GOOGL,SELL,MARKET,,72,1746,NEW,
2015,META,,,,,,CANCEL,873
2016,NVDA,,,,,,CANCEL,145
2017,AMZN,BUY,LIMIT,196.74,25,1747,NEW,
2018,META,SELL,LIMIT,640.11,13,1748,NEW,
2019,SPY,SELL,LIMIT,680.23,38,1749,NEW,
2020,AMZN,SELL,IOC,196.82,12,1750,NEW,
2021,NVDA,SELL,FOK,181.9,16,1751,NEW,
2022,MSFT,,,,,,CANCEL,1734
2023,AMZN,,,,,,CANCEL,1515
2024,NVDA,SELL,LIMIT,181.96,21,1752,NEW,
2025,GOOGL,BUY,IOC,305.17,32,1753,NEW,
2026,AAPL,SELL,LIMIT,255.17,92,1754,NEW,
2027,AMZN,,,,,,CANCEL,268
2028,AAPL,BUY,IOC,255.05,5,1755,NEW,
2029,GOOGL,BUY,LIMIT,305.09,81,1756,NEW,
2030,AMZN,BUY,LIMIT,196.76,92,1757,NEW,
2031,AAPL,SELL,IOC,255.17,87,1758,NEW,
2032,NVDA,BUY,MARKET,,76,1759,NEW,
2033,TSLA,BUY,FOK,419.03,556,1760,NEW,
2034,TSLA,BUY,LIMIT,418.88,41,1761,NEW,
2035,TSLA,SELL,LIMIT,418.79,982,1762,NEW,
2036,MSFT,,,,,,CANCEL,623
2037,META,,,,,,CANCEL,358
2038,SPY,SELL,MARKET,,97,1763,NEW,
2039,TSLA,SELL,FOK,418.87,21,1764,NEW,
2040,SPY,SELL,LIMIT,680.02,84,1765,NEW,
2041,MSFT,,,,,,CANCEL,1739
2042,MSFT,SELL,LIMIT,400.1,8,1766,NEW,
2043,SPY,BUY,LIMIT,679.62,3,1767,NEW,
2044,META,BUY,MARKET,,18,1768,NEW,
2045,META,SELL,IOC,640.1,14,1769,NEW,
2046,META,SELL,MARKET,,18,1770,NEW,
2047,NVDA,SELL,LIMIT,182.01,23,1771,NEW,
2048,TSLA,SELL,MARKET,,69,1772,NEW,
2049,SPY,,,,,,CANCEL,1121
2050,SPY,,,,,,CANCEL,215
2051,AAPL,BUY,MARKET,,31,1773,NEW,
2052,MSFT,,,,,,CANCEL,106
2053,NVDA,SELL,LIMIT,181.92,31,1774,NEW,
2054,MSFT,SELL,LIMIT,400,63,1775,NEW,
2055,TSLA,SELL,FOK,418.82,73,1776,NEW,
2056,GOOGL,,,,,,CANCEL,532
2057,SPY,,,,,,CANCEL,766
2058,GOOGL,BUY,IOC,304.97,94,1777,NEW,
2059,AAPL,BUY,LIMIT,255.1,15,1778,NEW,
2060,AAPL,SELL,LIMIT,255.23,66,1779,NEW,
2061,TSLA,BUY,IOC,418.65,7,1780,NEW,
2062,MSFT,SELL,LIMIT,400.15,73,1781,NEW,
2063,TSLA,,,,,,CANCEL,652
2064,META,BUY,LIMIT,640.1,24,1782,NEW,
2065,GOOGL,SELL,FOK,305.04,91,1783,NEW,
2066,TSLA,SELL,LIMIT,418.92,313,1784,NEW,
2067,AMZN,BUY,LIMIT,196.67,91,1785,NEW,
2068,AAPL,BUY,IOC,255.2,87,1786,NEW,
2069,NVDA,SELL,FOK,181.86,96,1787,NEW,
2070,AAPL,BUY,LIMIT,255.25,42,1788,NEW,
2071,MSFT,SELL,LIMIT,400.15,80,1789,NEW,
2072,AAPL,SELL,LIMIT,255.36,84,1790,NEW,
2073,AAPL,SELL,LIMIT,255.34,51,1791,NEW,
2074,MSFT,SELL,IOC,400.21,38,1792,NEW,
2075,MSFT,BUY,LIMIT,400.23,34,1793,NEW,
2076,AAPL,SELL,LIMIT,255.32,47,1794,NEW,
2077,MSFT,SELL,LIMIT,400.45,94,1795,NEW,
2078,MSFT,BUY,MARKET,,20,1796,NEW,
2079,TSLA,BUY,IOC,419,77,1797,NEW,
2080,META,BUY,LIMIT,639.87,36,1798,NEW,
2081,AAPL,SELL,MARKET,,40,1799,NEW,
2082,AAPL,SELL,LIMIT,255.43,83,1800,NEW,
2083,NVDA,SELL,LIMIT,181.91,17,1801,NEW,
2084,AMZN,,,,,,CANCEL,781
2085,AAPL,SELL,LIMIT,255.5,67,1802,NEW,
2086,GOOGL,BUY,LIMIT,304.76,99,1803,NEW,
2087,META,SELL,IOC,639.52,483,1804,NEW,
2088,META,,,,,,CANCEL,943
2089,NVDA,,,,,,CANCEL,134
2090,AMZN,BUY,LIMIT,196.74,585,1805,NEW,
2091,TSLA,SELL,LIMIT,419.08,77,1806,NEW,
2092,NVDA,,,,,,CANCEL,1603
2093,AMZN,BUY,LIMIT,196.81,82,1807,NEW,
2094,AAPL,BUY,LIMIT,255.37,11,1808,NEW,
2095,NVDA,,,181.91,193,,AMEND,129
2096,MSFT,BUY,LIMIT,400.39,647,1809,NEW,
2097,MSFT,,,400.71,29,,AMEND,549
2098,META,BUY,FOK,639.39,22,1810,NEW,
2099,GOOGL,,,,,,CANCEL,1559
2100,AMZN,BUY,LIMIT,196.8,49,1811,NEW,
2101,AAPL,BUY,LIMIT,255.37,69,1812,NEW,
2102,MSFT,BUY,IOC,400.48,480,1813,NEW,
2103,TSLA,,,420.5,212,,AMEND,1228
2104,NVDA,SELL,LIMIT,181.87,87,1814,NEW,
2105,SPY,,,,,,CANCEL,1233
2106,META,SELL,LIMIT,639.4,12,1815,NEW,
2107,AAPL,BUY,LIMIT,255.34,60,1816,NEW,
2108,AMZN,BUY,LIMIT,196.83,2,1817,NEW,
2109,AAPL,BUY,IOC,255.37,3,1818,NEW,
2110,SPY,,,,,,CANCEL,1022
2111,MSFT,SELL,LIMIT,400.66,55,1819,NEW,
2112,NVDA,SELL,LIMIT,181.98,67,1820,NEW,
2113,TSLA,,,418.09,232,,AMEND,950
2114,AMZN,BUY,LIMIT,196.82,69,1821,NEW,
2115,TSLA,SELL,FOK,419.17,40,1822,NEW,
2116,META,SELL,LIMIT,639.31,13,1823,NEW,
2117,META,SELL,LIMIT,639.19,97,1824,NEW,
2118,AMZN,BUY,IOC,196.87,381,1825,NEW,
2119,MSFT,BUY,FOK,400.6,23,1826,NEW,
2120,SPY,SELL,LIMIT,680.08,11,1827,NEW,
2121,META,BUY,IOC,638.87,88,1828,NEW,
2122,GOOGL,BUY,LIMIT,304.81,40,1829,NEW,
2123,TSLA,SELL,IOC,419.28,31,1830,NEW,
2124,NVDA,,,,,,CANCEL,1683
2125,GOOGL,SELL,MARKET,,49,1831,NEW,
2126,AMZN,BUY,LIMIT,196.88,97,1832,NEW,
2127,AMZN,BUY,LIMIT,196.86,70,1833,NEW,
2128,AAPL,,,,,,CANCEL,445
2129,AMZN,,,,,,CANCEL,178
2130,GOOGL,BUY,MARKET,,15,1834,NEW,
2131,GOOGL,SELL,LIMIT,304.72,70,1835,NEW,
2132,META,SELL,IOC,639.09,51,1836,NEW,
2133,TSLA,BUY,MARKET,,66,1837,NEW,
2134,AAPL,SELL,IOC,255.53,100,1838,NEW,
2135,AMZN,SELL,IOC,196.95,32,1839,NEW,
2136,NVDA,BUY,MARKET,,79,1840,NEW,
2137,META,SELL,MARKET,,47,1841,NEW,
2138,AAPL,BUY,LIMIT,255.45,57,1842,NEW,
2139,TSLA,,,,,,CANCEL,49
2140,TSLA,,,420.25,1,,AMEND,1216
2141,GOOGL,,,,,,CANCEL,1655
2142,GOOGL,SELL,FOK,304.65,43,1843,NEW,
2143,TSLA,SELL,LIMIT,419,100,1844,NEW,
2144,META,SELL,MARKET,,85,1845,NEW,
2145,AMZN,,,,,,CANCEL,1266
2146,TSLA,BUY,MARKET,,57,1846,NEW,
2147,SPY,BUY,FOK,679.92,27,1847,NEW,
2148,TSLA,SELL,LIMIT,418.95,45,1848,NEW,
2149,SPY,,,679.91,35,,AMEND,820
2150,NVDA,BUY,FOK,181.78,620,1849,NEW,
2151,AAPL,BUY,MARKET,,89,1850,NEW,
2152,GOOGL,SELL,LIMIT,304.7,5,1851,NEW,
2153,META,BUY,MARKET,,45,1852,NEW,
2154,SPY,,,,,,CANCEL,725
2155,AAPL,BUY,LIMIT,255.38,54,1853,NEW,
2156,AMZN,SELL,MARKET,,28,1854,NEW,
2157,AAPL,SELL,LIMIT,255.44,3,1855,NEW,
2158,NVDA,SELL,LIMIT,181.8,4,1856,NEW,
2159,NVDA,,,181.72,174,,AMEND,823
2160,NVDA,,,181.8,166,,AMEND,1248
2161,AAPL,,,255.4,46,,AMEND,47857
2162,NVDA,SELL,FOK,181.85,336,1857,NEW,
2163,META,SELL,LIMIT,638.67,6,1858,NEW,
2164,TSLA,BUY,LIMIT,418.8,40,1859,NEW,
2165,NVDA,BUY,LIMIT,181.9,11,1860,NEW,
2166,GOOGL,SELL,MARKET,,3,1861,NEW,
2167,GOOGL,SELL,LIMIT,304.78,50,1862,NEW,
2168,NVDA,,,,,,CANCEL,1691
2169,AAPL,,,254.99,34,,AMEND,622
2170,NVDA,,,182.56,1,,AMEND,782
2171,SPY,SELL,LIMIT,680.06,27,1863,NEW,
2172,MSFT,SELL,LIMIT,400.76,71,1864,NEW,
2173,GOOGL,BUY,LIMIT,304.69,82,1865,NEW,
2174,TSLA,SELL,LIMIT,418.96,27,1866,NEW,
2175,NVDA,BUY,FOK,181.89,81,1867,NEW,
2176,MSFT,BUY,LIMIT,400.63,999,1868,NEW,
2177,AAPL,SELL,LIMIT,255.61,19,1869,NEW,
2178,AAPL,BUY,LIMIT,255.45,41,1870,NEW,
2179,SPY,BUY,LIMIT,679.93,4,1871,NEW,
2180,MSFT,SELL,LIMIT,400.79,42,1872,NEW,
2181,MSFT,BUY,IOC,400.55,33,1873,NEW,
2182,NVDA,BUY,LIMIT,181.96,8,1874,NEW,
2183,NVDA,BUY,MARKET,,65,1875,NEW,
2184,META,BUY,FOK,638.49,97,1876,NEW,
2185,AAPL,SELL,LIMIT,255.58,25,1877,NEW,
2186,AAPL,,,,,,CANCEL,117
2187,GOOGL,SELL,LIMIT,304.84,24,1878,NEW,
2188,META,BUY,LIMIT,638.85,2,1879,NEW,
2189,MSFT,SELL,LIMIT,400.7,79,1880,NEW,
2190,AAPL,BUY,LIMIT,255.49,4,1881,NEW,
2191,GOOGL,,,304.73,178,,AMEND,1201
2192,SPY,,,,,,CANCEL,1027
2193,GOOGL,SELL,LIMIT,304.85,212,1882,NEW,
2194,TSLA,,,,,,CANCEL,1325
2195,AAPL,SELL,MARKET,,51,1883,NEW,
2196,NVDA,SELL,IOC,182.07,373,1884,NEW,
2197,AAPL,SELL,LIMIT,255.64,39,1885,NEW,
2198,NVDA,SELL,MARKET,,26,1886,NEW,
2199,AMZN,SELL,MARKET,,51,1887,NEW,
2200,GOOGL,BUY,MARKET,,6,1888,NEW,
2201,GOOGL,SELL,LIMIT,304.86,79,1889,NEW,
2202,META,SELL,IOC,638.99,48,1890,NEW,
2203,SPY,BUY,LIMIT,679.88,13,1891,NEW,
2204,NVDA,SELL,LIMIT,182.05,19,1892,NEW,
2205,AMZN,SELL,MARKET,,90,1893,NEW,
2206,MSFT,SELL,LIMIT,400.77,91,1894,NEW,
2207,NVDA,SELL,LIMIT,182.01,82,1895,NEW,
2208,AMZN,,,,,,CANCEL,669
2209,SPY,BUY,LIMIT,680.02,72,1896,NEW,
2210,AAPL,SELL,LIMIT,255.65,1,1897,NEW,
2211,AAPL,SELL,LIMIT,255.72,80,1898,NEW,
2212,NVDA,SELL,FOK,182.03,70,1899,NEW,
2213,META,SELL,MARKET,,29,1900,NEW,
2214,META,,,,,,CANCEL,1367
2215,TSLA,SELL,MARKET,,956,1901,NEW,
2216,AAPL,SELL,LIMIT,255.67,57,1902,NEW,
2217,SPY,SELL,FOK,680.19,49,1903,NEW,
2218,TSLA,SELL,FOK,418.79,79,1904,NEW,
2219,META,SELL,IOC,639.13,4,1905,NEW,
2220,TSLA,SELL,LIMIT,418.78,89,1906,NEW,
2221,SPY,,,,,,CANCEL,346
2222,MSFT,,,,,,CANCEL,1495
2223,AAPL,BUY,FOK,255.61,86,1907,NEW,
2224,META,SELL,IOC,638.79,14,1908,NEW,
2225,SPY,,,,,,CANCEL,28688
2226,NVDA,BUY,LIMIT,182.02,778,1909,NEW,
2227,GOOGL,SELL,MARKET,,46,1910,NEW,
2228,SPY,,,681.86,90,,AMEND,546
2229,NVDA,SELL,LIMIT,182.09,13,1911,NEW,
2230,NVDA,SELL,LIMIT,182.09,36,1912,NEW,
2231,MSFT,SELL,LIMIT,400.66,63,1913,NEW,
2232,GOOGL,,,304.73,152,,AMEND,1201
2233,SPY,BUY,LIMIT,680.02,25,1914,NEW,
2234,GOOGL,SELL,IOC,305.01,56,1915,NEW,
2235,MSFT,SELL,LIMIT,400.7,2,1916,NEW,
2236,MSFT,SELL,LIMIT,400.6,30,1917,NEW,
2237,AAPL,SELL,MARKET,,24,1918,NEW,
2238,AAPL,SELL,LIMIT,255.54,420,1919,NEW,
2239,NVDA,,,,,,CANCEL,443
2240,MSFT,SELL,LIMIT,400.53,785,1920,NEW,
2241,AAPL,,,,,,CANCEL,525
2242,GOOGL,,,305.02,145,,AMEND,1415
2243,GOOGL,BUY,LIMIT,304.89,82,1921,NEW,
2244,META,,,,,,CANCEL,1782
2245,TSLA,,,,,,CANCEL,1587
2246,TSLA,BUY,LIMIT,418.41,44,1922,NEW,
2247,NVDA,,,,,,CANCEL,1895
2248,SPY,SELL,MARKET,,83,1923,NEW,
2249,TSLA,,,,,,CANCEL,1494
2250,MSFT,BUY,LIMIT,400.34,84,1924,NEW,
2251,SPY,,,,,,CANCEL,1479
2252,SPY,SELL,LIMIT,680.2,45,1925,NEW,
2253,MSFT,SELL,FOK,400.6,4,1926,NEW,
2254,TSLA,SELL,LIMIT,418.86,223,1927,NEW,
2255,AAPL,SELL,LIMIT,255.52,72,1928,NEW,
2256,AMZN,SELL,IOC,197.05,46,1929,NEW,
2257,MSFT,SELL,LIMIT,400.51,1,1930,NEW,
2258,AAPL,SELL,LIMIT,255.51,55,1931,NEW,
2259,GOOGL,BUY,IOC,304.96,11,1932,NEW,
2260,SPY,SELL,FOK,680.2,76,1933,NEW,
2261,META,,,,,,CANCEL,739
2262,AMZN,SELL,LIMIT,197.18,29,1934,NEW,
2263,AAPL,,,,,,CANCEL,1435
2264,AAPL,SELL,MARKET,,35,1935,NEW,
2265,AAPL,SELL,LIMIT,255.54,35,1936,NEW,
2266,NVDA,SELL,LIMIT,182.08,22,1937,NEW,
2267,GOOGL,BUY,LIMIT,304.97,99,1938,NEW,
2268,GOOGL,,,,,,CANCEL,387
2269,AAPL,SELL,LIMIT,255.47,699,1939,NEW,
2270,SPY,BUY,IOC,680.08,63,1940,NEW,
2271,NVDA,BUY,LIMIT,181.97,7,1941,NEW,
2272,SPY,SELL,IOC,680.27,920,1942,NEW,
2273,NVDA,BUY,MARKET,,86,1943,NEW,
2274,NVDA,BUY,LIMIT,181.96,73,1944,NEW,
2275,AMZN,SELL,LIMIT,197.08,24,1945,NEW,
2276,MSFT,SELL,LIMIT,400.46,86,1946,NEW,
2277,SPY,BUY,IOC,679.86,83,1947,NEW,
2278,NVDA,,,181.91,14,,AMEND,1801
2279,AMZN,BUY,FOK,197.07,35,1948,NEW,
2280,NVDA,,,,,,CANCEL,371
2281,NVDA,BUY,LIMIT,181.81,22,1949,NEW,
2282,META,SELL,IOC,638.75,10,1950,NEW,
2283,SPY,SELL,LIMIT,680.23,78,1951,NEW,
2284,MSFT,SELL,LIMIT,400.29,23,1952,NEW,
2285,AAPL,,,,,,CANCEL,1117
2286,SPY,SELL,LIMIT,680.28,7,1953,NEW,
2287,AMZN,SELL,LIMIT,197.14,7,1954,NEW,
2288,MSFT,,,,,,CANCEL,1894
2289,SPY,SELL,FOK,680.36,8,1955,NEW,
2290,NVDA,SELL,IOC,181.79,75,1956,NEW,
2291,GOOGL,BUY,LIMIT,304.96,75,1957,NEW,
2292,GOOGL,,,,,,CANCEL,276
2293,AMZN,BUY,LIMIT,197.06,63,1958,NEW,
2294,AAPL,BUY,LIMIT,255.34,61,1959,NEW,
2295,TSLA,,,417.83,286,,AMEND,898
2296,AAPL,SELL,IOC,255.35,4,1960,NEW,
2297,AAPL,,,,,,CANCEL,1869
2298,SPY,,,,,,CANCEL,988
2299,AMZN,SELL,LIMIT,197.19,78,1961,NEW,
2300,AAPL,,,,,,CANCEL,1842
2301,AMZN,SELL,LIMIT,197.12,57,1962,NEW,
2302,MSFT,BUY,LIMIT,400.18,734,1963,NEW,
2303,AAPL,SELL,LIMIT,255.36,948,1964,NEW,
2304,NVDA,BUY,MARKET,,16,1965,NEW,
2305,GOOGL,SELL,LIMIT,305.02,57,1966,NEW,
2306,MSFT,SELL,LIMIT,400.25,95,1967,NEW,
2307,AAPL,SELL,LIMIT,255.36,1,1968,NEW,
2308,SPY,,,680.31,1,,AMEND,369
2309,AAPL,SELL,IOC,255.42,508,1969,NEW,
2310,MSFT,BUY,FOK,400.02,475,1970,NEW,
2311,AAPL,SELL,LIMIT,255.47,1,1971,NEW,
2312,NVDA,SELL,FOK,181.86,75,1972,NEW,
2313,MSFT,BUY,LIMIT,400.01,277,1973,NEW,
2314,MSFT,SELL,LIMIT,400.16,7,1974,NEW,
2315,TSLA,BUY,LIMIT,418.61,77,1975,NEW,
2316,AAPL,SELL,LIMIT,255.48,60,1976,NEW,
2317,META,,,,,,CANCEL,1643
2318,GOOGL,SELL,LIMIT,305.02,83,1977,NEW,
2319,META,SELL,IOC,638.77,216,1978,NEW,
2320,MSFT,,,,,,CANCEL,733
2321,TSLA,SELL,FOK,418.92,20,1979,NEW,
2322,AAPL,SELL,LIMIT,255.52,24,1980,NEW,
2323,META,BUY,LIMIT,638.44,70,1981,NEW,
2324,AMZN,SELL,LIMIT,197.11,470,1982,NEW,
2325,NVDA,SELL,LIMIT,181.88,22,1983,NEW,
2326,SPY,BUY,LIMIT,679.94,20,1984,NEW,
2327,AMZN,,,,,,CANCEL,496
2328,NVDA,SELL,MARKET,,74,1985,NEW,
2329,MSFT,SELL,MARKET,,46,1986,NEW,
2330,AAPL,SELL,LIMIT,255.59,98,1987,NEW,
2331,AAPL,,,255.08,113,,AMEND,997
2332,AAPL,SELL,IOC,255.57,55,1988,NEW,
2333,AAPL,BUY,LIMIT,255.52,27,1989,NEW,
2334,MSFT,,,400.54,18,,AMEND,1373
2335,AMZN,SELL,MARKET,,57,1990,NEW,
2336,GOOGL,,,,,,CANCEL,1966
2337,GOOGL,,,305.39,114,,AMEND,1659
2338,AAPL,SELL,LIMIT,255.51,14,1991,NEW,
2339,SPY,BUY,LIMIT,680.02,32,1992,NEW,
2340,SPY,BUY,LIMIT,679.92,11,1993,NEW,
2341,AMZN,BUY,MARKET,,38,1994,NEW,
2342,MSFT,,,399.9,9,,AMEND,547
2343,GOOGL,SELL,LIMIT,305.1,24,1995,NEW,
2344,MSFT,BUY,IOC,399.9,93,1996,NEW,
2345,MSFT,SELL,LIMIT,400.04,17,1997,NEW,
2346,GOOGL,BUY,LIMIT,305.01,80,1998,NEW,
2347,TSLA,SELL,FOK,418.84,74,1999,NEW,
2348,MSFT,BUY,LIMIT,399.89,49,2000,NEW,
2349,GOOGL,BUY,LIMIT,305.08,29,2001,NEW,
2350,MSFT,BUY,LIMIT,399.71,95,2002,NEW,
2351,NVDA,,,,,,CANCEL,935
2352,AAPL,SELL,LIMIT,255.51,56,2003,NEW,
2353,META,SELL,LIMIT,638.47,36,2004,NEW,
2354,META,BUY,MARKET,,780,2005,NEW,
2355,AAPL,SELL,FOK,255.51,72,2006,NEW,
2356,SPY,BUY,LIMIT,679.91,34,2007,NEW,
2357,MSFT,SELL,LIMIT,399.94,55,2008,NEW,
2358,META,SELL,FOK,638.21,284,2009,NEW,
2359,MSFT,,,,,,CANCEL,1819
2360,GOOGL,,,,,,CANCEL,107
2361,TSLA,BUY,IOC,418.73,71,2010,NEW,
2362,NVDA,SELL,LIMIT,181.79,91,2011,NEW,
2363,NVDA,BUY,LIMIT,181.77,2,2012,NEW,
2364,MSFT,,,399.93,79,,AMEND,604
2365,AMZN,SELL,LIMIT,197.18,77,2013,NEW,
2366,AAPL,,,,,,CANCEL,1471
2367,GOOGL,SELL,LIMIT,305.08,92,2014,NEW,
2368,SPY,,,680.13,83,,AMEND,664
2369,TSLA,,,,,,CANCEL,494
2370,MSFT,BUY,LIMIT,399.78,8,2015,NEW,
2371,META,,,638,349,,AMEND,364
2372,AAPL,BUY,LIMIT,255.33,91,2016,NEW,
2373,AMZN,,,198.05,12,,AMEND,1044
2374,NVDA,,,,,,CANCEL,2011
2375,SPY,BUY,LIMIT,679.89,74,2017,NEW,
2376,AAPL,SELL,LIMIT,255.53,28,2018,NEW,
2377,TSLA,SELL,LIMIT,419.06,567,2019,NEW,
2378,NVDA,,,,,,CANCEL,218
2379,SPY,SELL,LIMIT,680.39,86,2020,NEW,
2380,AAPL,SELL,LIMIT,255.5,88,2021,NEW,
2381,NVDA,,,181.71,85,,AMEND,16281
2382,AAPL,BUY,IOC,255.45,52,2022,NEW,
2383,AMZN,SELL,LIMIT,197.19,35,2023,NEW,
2384,TSLA,,,,,,CANCEL,1416
2385,META,,,638,80,,AMEND,36
2386,MSFT,,,401.03,1,,AMEND,260
2387,MSFT,SELL,LIMIT,399.97,45,2024,NEW,
2388,MSFT,,,400.18,719,,AMEND,1963
2389,MSFT,BUY,LIMIT,399.79,41,2025,NEW,
2390,AAPL,,,255.54,144,,AMEND,1928
2391,TSLA,BUY,LIMIT,418.94,46,2026,NEW,
2392,AAPL,SELL,LIMIT,255.53,63,2027,NEW,
2393,AAPL,,,,,,CANCEL,752
2394,TSLA,SELL,LIMIT,419.27,40,2028,NEW,
2395,TSLA,,,419.12,94,,AMEND,449
2396,TSLA,SELL,LIMIT,419.26,80,2029,NEW,
2397,TSLA,BUY,MARKET,,35,2030,NEW,
2398,TSLA,,,419.24,59,,AMEND,265
2399,META,,,,,,CANCEL,490
2400,AMZN,BUY,MARKET,,28,2031,NEW,
2401,GOOGL,SELL,IOC,305.02,48,2032,NEW,
2402,MSFT,,,,,,CANCEL,10
2403,MSFT,SELL,FOK,399.98,21,2033,NEW,
2404,MSFT,BUY,LIMIT,399.9,350,2034,NEW,
2405,NVDA,BUY,MARKET,,50,2035,NEW,
2406,AMZN,SELL,LIMIT,197.22,74,2036,NEW,
2407,SPY,SELL,LIMIT,680.43,49,2037,NEW,
2408,MSFT,BUY,LIMIT,399.96,49,2038,NEW,
2409,GOOGL,SELL,LIMIT,304.98,55,2039,NEW,
2410,META,BUY,LIMIT,637.95,42,2040,NEW,
2411,TSLA,,,,,,CANCEL,223
2412,META,BUY,MARKET,,12,2041,NEW,
2413,AAPL,BUY,LIMIT,255.41,90,2042,NEW,
2414,GOOGL,BUY,IOC,304.94,6,2043,NEW,
2415,META,BUY,LIMIT,637.61,40,2044,NEW,
2416,META,,,,,,CANCEL,1567
2417,META,SELL,IOC,637.87,273,2045,NEW,
2418,SPY,SELL,LIMIT,680.23,86,2046,NEW,
2419,GOOGL,BUY,MARKET,,15,2047,NEW,
2420,MSFT,SELL,IOC,400.1,86,2048,NEW,
2421,SPY,BUY,FOK,680.07,47,2049,NEW,
2422,TSLA,SELL,LIMIT,419.48,58,2050,NEW,
2423,SPY,BUY,LIMIT,680,43,2051,NEW,
2424,META,SELL,LIMIT,637.83,26,2052,NEW,
2425,SPY,BUY,LIMIT,679.84,64,2053,NEW,
2426,AAPL,SELL,IOC,255.52,82,2054,NEW,
2427,AMZN,BUY,LIMIT,197.15,72,2055,NEW,
2428,SPY,SELL,IOC,680.31,11,2056,NEW,
2429,AAPL,BUY,FOK,255.49,699,2057,NEW,
2430,AMZN,SELL,MARKET,,49,2058,NEW,
2431,AMZN,SELL,IOC,197.17,96,2059,NEW,
2432,MSFT,SELL,MARKET,,76,2060,NEW,
2433,SPY,SELL,LIMIT,680.42,604,2061,NEW,
2434,NVDA,SELL,FOK,181.76,91,2062,NEW,
2435,AMZN,SELL,LIMIT,197.13,92,2063,NEW,
2436,NVDA,SELL,IOC,181.77,91,2064,NEW,
2437,NVDA,SELL,IOC,181.75,1,2065,NEW,
2438,AAPL,SELL,LIMIT,255.63,49,2066,NEW,
2439,META,,,,,,CANCEL,1394
2440,TSLA,BUY,LIMIT,419.08,41,2067,NEW,
2441,MSFT,,,400.11,28,,AMEND,1647
2442,TSLA,SELL,LIMIT,419.14,244,2068,NEW,
2443,NVDA,BUY,LIMIT,181.69,93,2069,NEW,
2444,AAPL,SELL,LIMIT,255.68,39,2070,NEW,
2445,AAPL,,,,,,CANCEL,1536
2446,GOOGL,SELL,FOK,304.99,77,2071,NEW,
2447,MSFT,SELL,LIMIT,400.01,91,2072,NEW,
2448,AAPL,SELL,LIMIT,255.7,7,2073,NEW,
2449,MSFT,BUY,FOK,400.02,67,2074,NEW,
2450,SPY,,,680.43,1,,AMEND,31
2451,MSFT,,,400,57,,AMEND,617
2452,TSLA,,,,,,CANCEL,310
2453,TSLA,,,,,,CANCEL,497
2454,NVDA,BUY,FOK,181.7,55,2075,NEW,
2455,META,,,,,,CANCEL,1981
2456,MSFT,BUY,LIMIT,400,64,2076,NEW,
2457,META,,,637.56,899,,AMEND,430
2458,TSLA,BUY,LIMIT,418.88,75,2077,NEW,
2459,MSFT,,,,,,CANCEL,503
2460,AAPL,BUY,LIMIT,255.64,26,2078,NEW,
2461,SPY,BUY,LIMIT,680.07,92,2079,NEW,
2462,GOOGL,SELL,LIMIT,304.98,73,2080,NEW,
2463,AAPL,,,,,,CANCEL,1808
2464,NVDA,SELL,LIMIT,181.79,586,2081,NEW,
2465,META,,,637.78,681,,AMEND,162
2466,SPY,BUY,LIMIT,679.91,84,2082,NEW,
2467,NVDA,SELL,FOK,181.69,66,2083,NEW,
2468,META,SELL,LIMIT,637.98,62,2084,NEW,
2469,AMZN,,,,,,CANCEL,877
2470,META,,,,,,CANCEL,418
2471,TSLA,,,,,,CANCEL,18542
2472,GOOGL,,,,,,CANCEL,690
2473,MSFT,,,,,,CANCEL,18695
2474,META,SELL,LIMIT,638.46,82,2085,NEW,
2475,SPY,BUY,FOK,679.88,392,2086,NEW,
2476,AAPL,BUY,LIMIT,255.61,98,2087,NEW,
2477,TSLA,BUY,LIMIT,419.09,96,2088,NEW,
2478,TSLA,BUY,MARKET,,62,2089,NEW,
2479,MSFT,SELL,LIMIT,400.2,22,2090,NEW,
2480,MSFT,BUY,LIMIT,399.96,37,2091,NEW,
2481,TSLA,SELL,LIMIT,419.35,449,2092,NEW,
2482,MSFT,BUY,LIMIT,399.93,83,2093,NEW,
2483,MSFT,BUY,LIMIT,399.96,860,2094,NEW,
2484,SPY,SELL,MARKET,,65,2095,NEW,
2485,AMZN,SELL,LIMIT,197.15,84,2096,NEW,
2486,SPY,BUY,LIMIT,679.92,38,2097,NEW,
2487,MSFT,BUY,LIMIT,399.89,27,2098,NEW,
2488,NVDA,,,182.66,46,,AMEND,709
2489,META,SELL,LIMIT,638.72,55,2099,NEW,
2490,SPY,BUY,MARKET,,71,2100,NEW,
2491,NVDA,BUY,LIMIT,181.53,18,2101,NEW,
2492,SPY,,,680.28,1,,AMEND,902
2493,AMZN,BUY,LIMIT,197.09,486,2102,NEW,
2494,META,BUY,IOC,638.28,32,2103,NEW,
2495,SPY,BUY,LIMIT,679.7,85,2104,NEW,
2496,AAPL,BUY,LIMIT,255.73,55,2105,NEW,
2497,MSFT,SELL,LIMIT,400.06,908,2106,NEW,
2498,AMZN,SELL,LIMIT,197.2,39,2107,NEW,
2499,GOOGL,,,305.81,15,,AMEND,328
2500,SPY,SELL,LIMIT,680.03,84,2108,NEW,
2501,MSFT,SELL,LIMIT,400.03,6,2109,NEW,
2502,AAPL,BUY,LIMIT,255.78,37,2110,NEW,
2503,SPY,BUY,IOC,679.92,21,2111,NEW,
2504,AAPL,SELL,FOK,255.94,98,2112,NEW,
2505,SPY,SELL,IOC,680.27,554,2113,NEW,
2506,NVDA,SELL,FOK,181.5,636,2114,NEW,
2507,META,BUY,MARKET,,56,2115,NEW,
2508,SPY,BUY,IOC,680.02,69,2116,NEW,
2509,MSFT,SELL,IOC,400.03,74,2117,NEW,
2510,AAPL,SELL,LIMIT,255.89,83,2118,NEW,
2511,NVDA,SELL,LIMIT,181.4,30,2119,NEW,
2512,META,BUY,MARKET,,39,2120,NEW,
2513,AMZN,,,197.12,25,,AMEND,511
2514,MSFT,SELL,MARKET,,81,2121,NEW,
2515,GOOGL,BUY,LIMIT,304.84,7,2122,NEW,
2516,TSLA,SELL,LIMIT,419.37,76,2123,NEW,
2517,TSLA,BUY,IOC,419.42,42,2124,NEW,
2518,MSFT,,,400.22,66,,AMEND,552
2519,META,SELL,LIMIT,638.72,39,2125,NEW,
2520,META,BUY,LIMIT,638.72,2,2126,NEW,
2521,TSLA,BUY,LIMIT,419.53,24,2127,NEW,
2522,SPY,BUY,FOK,679.99,1,2128,NEW,
2523,NVDA,SELL,LIMIT,181.45,85,2129,NEW,
2524,SPY,SELL,LIMIT,680.33,47,2130,NEW,
2525,AAPL,SELL,MARKET,,67,2131,NEW,
2526,AAPL,BUY,LIMIT,255.83,82,2132,NEW,
2527,GOOGL,,,,,,CANCEL,2080
2528,META,BUY,IOC,638.85,16,2133,NEW,
2529,TSLA,SELL,LIMIT,419.97,36,2134,NEW,
2530,NVDA,,,,,,CANCEL,837
2531,TSLA,,,,,,CANCEL,1199
2532,NVDA,SELL,FOK,181.49,82,2135,NEW,
2533,AMZN,BUY,LIMIT,197.18,4,2136,NEW,
2534,AAPL,SELL,LIMIT,255.93,58,2137,NEW,
2535,MSFT,SELL,MARKET,,26,2138,NEW,
2536,GOOGL,SELL,IOC,304.98,43,2139,NEW,
2537,TSLA,SELL,LIMIT,419.95,62,2140,NEW,
2538,NVDA,BUY,LIMIT,181.49,22,2141,NEW,
2539,SPY,SELL,MARKET,,28,2142,NEW,
2540,SPY,SELL,IOC,680.3,8,2143,NEW,
2541,NVDA,SELL,LIMIT,181.58,39,2144,NEW,
2542,SPY,,,680.24,69,,AMEND,2046
2543,AMZN,,,,,,CANCEL,633
2544,SPY,,,,,,CANCEL,546
2545,SPY,SELL,LIMIT,680.41,53,2145,NEW,
2546,AAPL,,,,,,CANCEL,927
2547,AAPL,SELL,MARKET,,20,2146,NEW,
2548,TSLA,BUY,LIMIT,419.57,56,2147,NEW,
2549,MSFT,SELL,LIMIT,400.02,935,2148,NEW,
2550,NVDA,SELL,LIMIT,181.54,94,2149,NEW,
2551,NVDA,SELL,LIMIT,181.5,67,2150,NEW,
2552,META,BUY,LIMIT,638.8,67,2151,NEW,
2553,AAPL,BUY,LIMIT,255.98,23,2152,NEW,
2554,AMZN,BUY,LIMIT,197.23,9,2153,NEW,
2555,GOOGL,BUY,LIMIT,304.87,5,2154,NEW,
2556,MSFT,SELL,IOC,400.09,63,2155,NEW,
2557,AAPL,SELL,MARKET,,46,2156,NEW,
2558,GOOGL,BUY,LIMIT,304.79,98,2157,NEW,
2559,TSLA,BUY,LIMIT,419.59,82,2158,NEW,
2560,SPY,BUY,LIMIT,680.17,899,2159,NEW,
2561,TSLA,SELL,LIMIT,419.58,11,2160,NEW,
2562,AAPL,BUY,LIMIT,256.18,70,2161,NEW,
2563,GOOGL,BUY,MARKET,,3,2162,NEW,
2564,AAPL,SELL,FOK,256.27,3,2163,NEW,
2565,GOOGL,,,,,,CANCEL,57
2566,SPY,SELL,LIMIT,680.41,68,2164,NEW,
2567,TSLA,BUY,IOC,419.42,92,2165,NEW,
2568,MSFT,,,,,,CANCEL,362
2569,NVDA,,,,,,CANCEL,892
2570,NVDA,BUY,LIMIT,181.38,99,2166,NEW,
2571,NVDA,BUY,LIMIT,181.33,28,2167,NEW,
2572,TSLA,BUY,MARKET,,19,2168,NEW,
2573,NVDA,SELL,MARKET,,82,2169,NEW,
2574,NVDA,BUY,IOC,181.37,35,2170,NEW,
2575,SPY,BUY,LIMIT,680.1,48,2171,NEW,
2576,NVDA,SELL,LIMIT,181.48,31,2172,NEW,
2577,GOOGL,BUY,IOC,304.79,21,2173,NEW,
2578,NVDA,SELL,LIMIT,181.55,67,2174,NEW,
2579,NVDA,,,181.91,683,,AMEND,1699
2580,AMZN,BUY,FOK,197.25,13,2175,NEW,
2581,NVDA,,,,,,CANCEL,1369
2582,SPY,BUY,LIMIT,680.16,32,2176,NEW,
2583,NVDA,,,182.17,1,,AMEND,1128
2584,MSFT,SELL,LIMIT,399.96,29,2177,NEW,
2585,AAPL,BUY,MARKET,,37,2178,NEW,
2586,AAPL,,,256.22,1,,AMEND,1492
2587,MSFT,,,,,,CANCEL,208
2588,SPY,BUY,LIMIT,680.17,91,2179,NEW,
2589,AMZN,BUY,FOK,197.21,16,2180,NEW,
2590,AAPL,BUY,MARKET,,94,2181,NEW,
2591,AAPL,,,256.27,149,,AMEND,1470
2592,AMZN,SELL,LIMIT,197.22,35,2182,NEW,
2593,MSFT,SELL,MARKET,,70,2183,NEW,
2594,AAPL,SELL,LIMIT,256.17,66,2184,NEW,
2595,META,,,,,,CANCEL,108
2596,NVDA,BUY,LIMIT,181.5,58,2185,NEW,
2597,TSLA,BUY,IOC,419.85,915,2186,NEW,
2598,AAPL,,,,,,CANCEL,1077
2599,TSLA,SELL,MARKET,,2,2187,NEW,
2600,GOOGL,,,,,,CANCEL,555
2601,AAPL,SELL,MARKET,,380,2188,NEW,
2602,SPY,BUY,LIMIT,680.19,25,2189,NEW,
2603,SPY,,,,,,CANCEL,815
2604,META,SELL,LIMIT,638.77,1,2190,NEW,
2605,SPY,,,680.46,284,,AMEND,333
2606,TSLA,SELL,FOK,419.9,96,2191,NEW,
2607,NVDA,SELL,LIMIT,181.57,805,2192,NEW,
2608,AMZN,SELL,LIMIT,197.24,55,2193,NEW,
2609,AAPL,,,,,,CANCEL,1134
2610,TSLA,,,,,,CANCEL,2123
2611,AAPL,SELL,LIMIT,256.17,54,2194,NEW,
2612,NVDA,,,,,,CANCEL,33
2613,GOOGL,,,,,,CANCEL,1619
2614,SPY,BUY,LIMIT,680.36,77,2195,NEW,
2615,TSLA,SELL,IOC,420,976,2196,NEW,
2616,TSLA,,,,,,CANCEL,838
2617,AMZN,SELL,LIMIT,197.28,537,2197,NEW,
2618,TSLA,SELL,LIMIT,419.79,39,2198,NEW,
2619,MSFT,BUY,LIMIT,399.57,10,2199,NEW,
