seq,symbol,side,type,price,qty,order_id,action,ref_id
1,GOOGL,BUY,LIMIT,305.81,465,1,NEW,
2,GOOGL,BUY,LIMIT,305.87,66,2,NEW,
3,AAPL,BUY,LIMIT,255.76,57,3,NEW,
4,MSFT,SELL,LIMIT,401.42,98,4,NEW,
5,SPY,BUY,LIMIT,681.64,70,5,NEW,
6,AMZN,SELL,LIMIT,198.86,77,6,NEW,
7,META,BUY,LIMIT,639.59,43,7,NEW,
8,MSFT,BUY,LIMIT,401.2,25,8,NEW,
9,MSFT,SELL,LIMIT,401.51,70,9,NEW,
10,AMZN,SELL,LIMIT,198.92,76,10,NEW,
11,AAPL,BUY,LIMIT,255.67,440,11,NEW,
12,TSLA,SELL,LIMIT,417.31,39,12,NEW,
13,NVDA,SELL,LIMIT,182.94,100,13,NEW,
14,SPY,BUY,LIMIT,681.5,50,14,NEW,
15,AAPL,SELL,LIMIT,255.9,18,15,NEW,
16,AAPL,BUY,LIMIT,255.86,56,16,NEW,
17,AAPL,SELL,LIMIT,255.91,85,17,NEW,
18,MSFT,BUY,LIMIT,401.46,44,18,NEW,
19,GOOGL,SELL,LIMIT,305.96,41,19,NEW,
20,NVDA,BUY,LIMIT,182.87,41,20,NEW,
21,META,BUY,LIMIT,639.53,23,21,NEW,
22,MSFT,SELL,LIMIT,401.74,14,22,NEW,
23,AAPL,BUY,LIMIT,255.76,62,23,NEW,
24,AAPL,BUY,LIMIT,255.71,21,24,NEW,
25,AAPL,SELL,LIMIT,255.82,13,25,NEW,
26,MSFT,BUY,LIMIT,401.62,668,26,NEW,
27,MSFT,SELL,LIMIT,401.81,3,27,NEW,
28,MSFT,BUY,LIMIT,401.61,79,28,NEW,
29,MSFT,BUY,LIMIT,401.51,20,29,NEW,
30,SPY,SELL,LIMIT,681.86,23,30,NEW,
31,SPY,BUY,LIMIT,681.72,33,31,NEW,
32,MSFT,SELL,LIMIT,401.68,39,32,NEW,
33,GOOGL,BUY,LIMIT,305.75,43,33,NEW,
34,TSLA,SELL,LIMIT,417.54,54,34,NEW,
35,SPY,SELL,LIMIT,681.82,32,35,NEW,
36,TSLA,SELL,LIMIT,417.41,42,36,NEW,
37,AAPL,SELL,LIMIT,255.95,974,37,NEW,
38,AAPL,BUY,LIMIT,255.83,37,38,NEW,
39,AAPL,BUY,LIMIT,255.94,49,39,NEW,
40,SPY,BUY,LIMIT,681.6,88,40,NEW,
41,AMZN,BUY,LIMIT,198.94,23,41,NEW,
42,SPY,BUY,LIMIT,681.49,90,42,NEW,
43,NVDA,BUY,LIMIT,182.83,98,43,NEW,
44,AMZN,SELL,LIMIT,199,31,44,NEW,
45,AAPL,SELL,LIMIT,256.07,429,45,NEW,
46,AAPL,BUY,LIMIT,256.03,65,46,NEW,
47,NVDA,BUY,LIMIT,182.78,81,47,NEW,
48,GOOGL,BUY,LIMIT,305.77,16,48,NEW,
49,TSLA,SELL,LIMIT,417.61,37,49,NEW,
50,SPY,SELL,LIMIT,681.64,73,50,NEW,
51,SPY,BUY,LIMIT,681.58,58,51,NEW,
52,NVDA,BUY,LIMIT,182.8,61,52,NEW,
53,AAPL,BUY,LIMIT,255.98,60,53,NEW,
54,AMZN,SELL,LIMIT,198.97,88,54,NEW,
55,GOOGL,BUY,LIMIT,305.68,981,55,NEW,
56,TSLA,BUY,LIMIT,417.47,93,56,NEW,
57,MSFT,SELL,LIMIT,401.66,7,57,NEW,
58,TSLA,BUY,LIMIT,417.52,70,58,NEW,
59,SPY,BUY,LIMIT,681.46,45,59,NEW,
60,NVDA,BUY,LIMIT,182.92,39,60,NEW,
61,TSLA,BUY,LIMIT,417.38,45,61,NEW,
62,AMZN,SELL,LIMIT,198.96,615,62,NEW,
63,SPY,SELL,LIMIT,681.67,28,63,NEW,
64,MSFT,SELL,LIMIT,401.67,53,64,NEW,
65,AAPL,SELL,LIMIT,255.99,675,65,NEW,
66,AAPL,SELL,LIMIT,256.02,43,66,NEW,
67,NVDA,SELL,LIMIT,182.96,78,67,NEW,
68,AAPL,SELL,LIMIT,255.99,55,68,NEW,
69,MSFT,BUY,LIMIT,401.5,73,69,NEW,
70,TSLA,SELL,LIMIT,417.65,7,70,NEW,
71,TSLA,BUY,LIMIT,417.28,35,71,NEW,
72,AMZN,BUY,LIMIT,198.89,8,72,NEW,
73,GOOGL,SELL,LIMIT,305.78,93,73,NEW,
74,MSFT,SELL,LIMIT,401.64,67,74,NEW,
75,TSLA,BUY,LIMIT,417.51,72,75,NEW,
76,TSLA,SELL,LIMIT,417.53,87,76,NEW,
77,AAPL,BUY,LIMIT,255.93,96,77,NEW,
78,GOOGL,SELL,LIMIT,305.7,10,78,NEW,
79,SPY,SELL,LIMIT,681.46,33,79,NEW,
80,GOOGL,SELL,LIMIT,305.76,67,80,NEW,
81,META,BUY,LIMIT,639.48,62,81,NEW,
82,NVDA,BUY,LIMIT,182.73,16,82,NEW,
83,AAPL,SELL,LIMIT,256.02,302,83,NEW,
84,NVDA,BUY,LIMIT,182.64,1,84,NEW,
85,TSLA,BUY,LIMIT,417.75,94,85,NEW,
86,SPY,SELL,LIMIT,681.48,67,86,NEW,
87,SPY,SELL,LIMIT,681.6,937,87,NEW,
88,GOOGL,SELL,LIMIT,305.61,77,88,NEW,
89,NVDA,BUY,LIMIT,182.67,47,89,NEW,
90,GOOGL,SELL,LIMIT,305.68,16,90,NEW,
91,GOOGL,SELL,LIMIT,305.62,1,91,NEW,
92,META,BUY,LIMIT,639.59,27,92,NEW,
93,MSFT,SELL,LIMIT,401.49,82,93,NEW,
94,AMZN,SELL,LIMIT,198.93,47,94,NEW,
95,AAPL,SELL,LIMIT,256.03,73,95,NEW,
96,TSLA,BUY,LIMIT,417.67,86,96,NEW,
97,NVDA,BUY,LIMIT,182.73,78,97,NEW,
98,NVDA,SELL,LIMIT,182.8,85,98,NEW,
99,AMZN,SELL,LIMIT,198.91,15,99,NEW,
100,AMZN,BUY,LIMIT,198.83,49,100,NEW,
101,GOOGL,SELL,LIMIT,305.62,75,101,NEW,
102,SPY,SELL,LIMIT,681.52,54,102,NEW,
103,AAPL,BUY,LIMIT,255.89,46,103,NEW,
104,TSLA,SELL,LIMIT,418,33,104,NEW,
105,NVDA,BUY,LIMIT,182.77,61,105,NEW,
106,SPY,SELL,LIMIT,681.63,66,106,NEW,
107,MSFT,BUY,LIMIT,401.33,53,107,NEW,
108,AMZN,SELL,LIMIT,198.91,63,108,NEW,
109,AAPL,SELL,LIMIT,255.94,70,109,NEW,
110,MSFT,SELL,LIMIT,401.52,95,110,NEW,
111,META,BUY,LIMIT,639.28,57,111,NEW,
112,MSFT,BUY,LIMIT,401.24,30,112,NEW,
113,NVDA,BUY,LIMIT,182.8,80,113,NEW,
114,AMZN,SELL,LIMIT,198.88,21,114,NEW,
115,NVDA,SELL,LIMIT,182.93,56,115,NEW,
116,TSLA,BUY,LIMIT,417.72,44,116,NEW,
117,NVDA,SELL,LIMIT,182.89,65,117,NEW,
118,TSLA,BUY,LIMIT,417.63,78,118,NEW,
119,SPY,SELL,LIMIT,681.85,34,119,NEW,
120,NVDA,SELL,LIMIT,182.82,563,120,NEW,
121,TSLA,BUY,LIMIT,417.46,25,121,NEW,
122,AMZN,SELL,LIMIT,198.92,42,122,NEW,
123,TSLA,BUY,LIMIT,417.38,77,123,NEW,
124,TSLA,SELL,LIMIT,417.46,83,124,NEW,
125,NVDA,SELL,LIMIT,182.84,65,125,NEW,
126,AMZN,BUY,LIMIT,198.84,96,126,NEW,
127,AAPL,SELL,LIMIT,255.94,18,127,NEW,
128,GOOGL,BUY,LIMIT,305.48,74,128,NEW,
129,AMZN,SELL,LIMIT,198.94,12,129,NEW,
130,TSLA,BUY,LIMIT,417.37,19,130,NEW,
131,SPY,BUY,LIMIT,681.43,320,131,NEW,
132,SPY,BUY,LIMIT,681.52,73,132,NEW,
133,MSFT,BUY,LIMIT,401.31,92,133,NEW,
134,NVDA,BUY,LIMIT,182.64,61,134,NEW,
135,NVDA,BUY,LIMIT,182.71,13,135,NEW,
136,SPY,SELL,LIMIT,681.79,9,136,NEW,
137,AAPL,SELL,LIMIT,255.84,96,137,NEW,
138,MSFT,BUY,LIMIT,401.28,78,138,NEW,
139,MSFT,BUY,LIMIT,401.31,12,139,NEW,
140,GOOGL,BUY,LIMIT,305.46,26,140,NEW,
141,SPY,SELL,LIMIT,681.79,93,141,NEW,
142,AAPL,BUY,LIMIT,255.7,11,142,NEW,
143,AMZN,SELL,LIMIT,198.93,76,143,NEW,
144,NVDA,SELL,LIMIT,182.77,87,144,NEW,
145,SPY,BUY,LIMIT,681.51,90,145,NEW,
146,SPY,SELL,LIMIT,681.65,64,146,NEW,
147,MSFT,SELL,LIMIT,401.43,88,147,NEW,
148,GOOGL,SELL,LIMIT,305.57,73,148,NEW,
149,AMZN,BUY,LIMIT,198.82,21,149,NEW,
150,GOOGL,SELL,LIMIT,305.66,25,150,NEW,
151,GOOGL,SELL,LIMIT,305.64,530,151,NEW,
152,META,BUY,LIMIT,639.32,29,152,NEW,
153,AMZN,BUY,LIMIT,198.8,74,153,NEW,
154,AMZN,SELL,LIMIT,198.83,36,154,NEW,
155,META,BUY,LIMIT,639.33,36,155,NEW,
156,META,SELL,LIMIT,639.45,84,156,NEW,
157,MSFT,SELL,LIMIT,401.27,575,157,NEW,
158,GOOGL,SELL,LIMIT,305.6,3,158,NEW,
159,AMZN,SELL,LIMIT,198.83,13,159,NEW,
160,AMZN,SELL,LIMIT,198.83,75,160,NEW,
161,AMZN,SELL,LIMIT,198.83,9,161,NEW,
162,GOOGL,SELL,LIMIT,305.61,28,162,NEW,
163,NVDA,SELL,LIMIT,182.84,43,163,NEW,
164,META,BUY,LIMIT,639.07,715,164,NEW,
165,SPY,BUY,LIMIT,681.46,61,165,NEW,
166,NVDA,BUY,LIMIT,182.76,77,166,NEW,
167,NVDA,SELL,LIMIT,182.77,27,167,NEW,
168,AAPL,SELL,LIMIT,255.86,96,168,NEW,
169,MSFT,BUY,LIMIT,401.15,31,169,NEW,
170,SPY,SELL,LIMIT,681.83,58,170,NEW,
171,NVDA,BUY,LIMIT,182.65,5,171,NEW,
172,SPY,SELL,LIMIT,681.99,65,172,NEW,
173,NVDA,BUY,LIMIT,182.62,10,173,NEW,
174,AAPL,SELL,LIMIT,255.87,60,174,NEW,
175,SPY,BUY,LIMIT,681.84,21,175,NEW,
176,AAPL,SELL,LIMIT,255.85,48,176,NEW,
177,AAPL,SELL,LIMIT,255.96,22,177,NEW,
178,GOOGL,BUY,LIMIT,305.48,29,178,NEW,
179,NVDA,BUY,LIMIT,182.62,89,179,NEW,
180,AAPL,BUY,LIMIT,255.8,97,180,NEW,
181,MSFT,SELL,LIMIT,401.31,42,181,NEW,
182,SPY,SELL,LIMIT,681.89,632,182,NEW,
183,NVDA,SELL,LIMIT,182.68,56,183,NEW,
184,MSFT,BUY,LIMIT,401.09,84,184,NEW,
185,TSLA,BUY,LIMIT,417.12,737,185,NEW,
186,AMZN,BUY,LIMIT,198.77,564,186,NEW,
187,AAPL,SELL,LIMIT,255.87,5,187,NEW,
188,MSFT,BUY,LIMIT,401.1,10,188,NEW,
189,MSFT,SELL,LIMIT,401.32,11,189,NEW,
190,AAPL,BUY,LIMIT,255.84,48,190,NEW,
191,AAPL,SELL,LIMIT,256,63,191,NEW,
192,NVDA,BUY,LIMIT,182.59,32,192,NEW,
193,AAPL,SELL,LIMIT,255.95,57,193,NEW,
194,AAPL,SELL,LIMIT,255.98,59,194,NEW,
195,TSLA,BUY,LIMIT,417.05,4,195,NEW,
196,NVDA,SELL,LIMIT,182.58,47,196,NEW,
197,AAPL,BUY,LIMIT,255.9,27,197,NEW,
198,META,SELL,LIMIT,639.32,33,198,NEW,
199,AMZN,BUY,LIMIT,198.72,90,199,NEW,
200,AAPL,SELL,LIMIT,255.9,33,200,NEW,
201,TSLA,SELL,LIMIT,417.3,61,201,NEW,
202,SPY,SELL,LIMIT,681.72,100,202,NEW,
203,AMZN,SELL,LIMIT,198.82,223,203,NEW,
204,NVDA,SELL,LIMIT,182.73,40,204,NEW,
205,NVDA,SELL,LIMIT,182.67,16,205,NEW,
206,AMZN,BUY,LIMIT,198.85,86,206,NEW,
207,META,SELL,LIMIT,639.63,99,207,NEW,
208,SPY,SELL,LIMIT,681.66,80,208,NEW,
209,SPY,BUY,LIMIT,681.38,91,209,NEW,
210,AMZN,SELL,LIMIT,198.96,390,210,NEW,
211,TSLA,SELL,LIMIT,417.47,59,211,NEW,
212,META,SELL,LIMIT,639.36,90,212,NEW,
213,AAPL,BUY,LIMIT,255.84,76,213,NEW,
214,META,BUY,LIMIT,639,18,214,NEW,
215,AAPL,SELL,LIMIT,255.88,54,215,NEW,
216,AAPL,SELL,LIMIT,255.84,62,216,NEW,
217,AMZN,BUY,LIMIT,198.9,86,217,NEW,
218,AMZN,BUY,LIMIT,198.8,51,218,NEW,
219,MSFT,BUY,LIMIT,401.17,65,219,NEW,
220,META,SELL,LIMIT,639.03,73,220,NEW,
221,SPY,SELL,LIMIT,681.67,100,221,NEW,
222,AAPL,BUY,LIMIT,255.63,25,222,NEW,
223,AMZN,SELL,LIMIT,198.79,27,223,NEW,
224,MSFT,BUY,LIMIT,401.23,100,224,NEW,
225,AMZN,SELL,LIMIT,198.77,949,225,NEW,
226,TSLA,SELL,LIMIT,417.43,3,226,NEW,
227,AMZN,SELL,LIMIT,198.7,22,227,NEW,
228,AAPL,BUY,LIMIT,255.5,89,228,NEW,
229,SPY,BUY,LIMIT,681.63,1,229,NEW,
230,META,SELL,LIMIT,639.25,84,230,NEW,
231,AAPL,BUY,LIMIT,255.47,20,231,NEW,
232,META,BUY,LIMIT,639.08,60,232,NEW,
233,NVDA,SELL,LIMIT,182.72,76,233,NEW,
234,NVDA,BUY,LIMIT,182.67,265,234,NEW,
235,META,BUY,LIMIT,639.02,43,235,NEW,
236,SPY,SELL,LIMIT,681.94,60,236,NEW,
237,AMZN,BUY,LIMIT,198.73,41,237,NEW,
238,TSLA,BUY,LIMIT,417.28,540,238,NEW,
239,NVDA,SELL,LIMIT,182.71,366,239,NEW,
240,SPY,SELL,LIMIT,682.07,83,240,NEW,
241,TSLA,SELL,LIMIT,417.49,20,241,NEW,
242,AAPL,BUY,LIMIT,255.49,17,242,NEW,
243,META,SELL,LIMIT,639.12,244,243,NEW,
244,TSLA,SELL,LIMIT,417.46,43,244,NEW,
245,AMZN,BUY,LIMIT,198.76,296,245,NEW,
246,MSFT,BUY,LIMIT,401.36,79,246,NEW,
247,MSFT,SELL,LIMIT,401.56,44,247,NEW,
248,SPY,BUY,LIMIT,681.89,39,248,NEW,
249,AMZN,SELL,LIMIT,198.81,54,249,NEW,
250,GOOGL,SELL,LIMIT,305.5,70,250,NEW,
251,GOOGL,SELL,LIMIT,305.62,56,251,NEW,
252,TSLA,BUY,LIMIT,417.32,98,252,NEW,
253,AAPL,SELL,LIMIT,255.59,35,253,NEW,
254,GOOGL,SELL,LIMIT,305.54,78,254,NEW,
255,META,SELL,LIMIT,639.15,22,255,NEW,
256,MSFT,BUY,LIMIT,401.42,40,256,NEW,
257,TSLA,BUY,LIMIT,417.46,15,257,NEW,
258,AMZN,SELL,LIMIT,198.76,3,258,NEW,
259,NVDA,SELL,LIMIT,182.58,487,259,NEW,
260,TSLA,BUY,LIMIT,417.28,15,260,NEW,
261,MSFT,SELL,LIMIT,401.61,100,261,NEW,
262,AMZN,SELL,LIMIT,198.73,48,262,NEW,
263,SPY,SELL,LIMIT,682.08,82,263,NEW,
264,SPY,SELL,LIMIT,682.09,9,264,NEW,
265,MSFT,SELL,LIMIT,401.65,97,265,NEW,
266,SPY,SELL,LIMIT,682.08,610,266,NEW,
267,MSFT,SELL,LIMIT,401.55,205,267,NEW,
268,TSLA,BUY,LIMIT,417.03,17,268,NEW,
269,TSLA,BUY,LIMIT,417.24,47,269,NEW,
270,NVDA,SELL,LIMIT,182.57,6,270,NEW,
271,AMZN,BUY,LIMIT,198.67,75,271,NEW,
272,AAPL,BUY,LIMIT,255.45,97,272,NEW,
273,MSFT,SELL,LIMIT,401.56,15,273,NEW,
274,GOOGL,SELL,LIMIT,305.7,20,274,NEW,
275,SPY,SELL,LIMIT,681.98,26,275,NEW,
276,NVDA,BUY,LIMIT,182.58,16,276,NEW,
277,TSLA,SELL,LIMIT,417.11,30,277,NEW,
278,NVDA,SELL,LIMIT,182.59,69,278,NEW,
279,SPY,SELL,LIMIT,681.94,830,279,NEW,
280,TSLA,SELL,LIMIT,417.05,96,280,NEW,
281,MSFT,BUY,LIMIT,401.34,28,281,NEW,
282,MSFT,SELL,LIMIT,401.43,9,282,NEW,
283,NVDA,BUY,LIMIT,182.47,30,283,NEW,
284,META,BUY,LIMIT,638.9,20,284,NEW,
285,AAPL,BUY,LIMIT,255.45,74,285,NEW,
286,NVDA,SELL,LIMIT,182.53,38,286,NEW,
287,META,BUY,LIMIT,638.95,79,287,NEW,
288,META,BUY,LIMIT,638.89,31,288,NEW,
289,NVDA,SELL,LIMIT,182.51,100,289,NEW,
290,MSFT,BUY,LIMIT,401.41,7,290,NEW,
291,AMZN,BUY,LIMIT,198.55,310,291,NEW,
292,AMZN,BUY,LIMIT,198.51,65,292,NEW,
293,AMZN,BUY,LIMIT,198.47,23,293,NEW,
294,NVDA,BUY,LIMIT,182.48,92,294,NEW,
295,SPY,SELL,LIMIT,681.88,53,295,NEW,
296,GOOGL,BUY,LIMIT,305.56,531,296,NEW,
297,AMZN,BUY,LIMIT,198.47,20,297,NEW,
298,MSFT,BUY,LIMIT,401.28,70,298,NEW,
299,MSFT,SELL,LIMIT,401.44,34,299,NEW,
300,GOOGL,BUY,LIMIT,305.63,15,300,NEW,
301,SPY,BUY,LIMIT,681.77,9,301,NEW,
302,AMZN,SELL,LIMIT,198.5,74,302,NEW,
303,AAPL,SELL,LIMIT,255.56,20,303,NEW,
304,AMZN,SELL,LIMIT,198.47,100,304,NEW,
305,MSFT,SELL,LIMIT,401.36,671,305,NEW,
306,GOOGL,BUY,LIMIT,305.62,20,306,NEW,
307,AAPL,SELL,LIMIT,255.56,100,307,NEW,
308,NVDA,SELL,LIMIT,182.57,32,308,NEW,
309,TSLA,SELL,LIMIT,417.23,4,309,NEW,
310,NVDA,SELL,LIMIT,182.49,971,310,NEW,
311,GOOGL,SELL,LIMIT,305.86,6,311,NEW,
312,MSFT,BUY,LIMIT,401.29,466,312,NEW,
313,MSFT,BUY,LIMIT,401.19,1,313,NEW,
314,SPY,BUY,LIMIT,681.51,7,314,NEW,
315,NVDA,SELL,LIMIT,182.57,83,315,NEW,
316,NVDA,BUY,LIMIT,182.55,607,316,NEW,
317,NVDA,BUY,LIMIT,182.46,46,317,NEW,
318,MSFT,BUY,LIMIT,401.29,23,318,NEW,
319,TSLA,SELL,LIMIT,416.95,15,319,NEW,
320,AAPL,SELL,LIMIT,255.52,80,320,NEW,
321,META,SELL,LIMIT,638.94,41,321,NEW,
322,TSLA,BUY,LIMIT,416.46,95,322,NEW,
323,NVDA,SELL,LIMIT,182.5,25,323,NEW,
324,TSLA,SELL,LIMIT,416.75,15,324,NEW,
325,GOOGL,BUY,LIMIT,305.77,15,325,NEW,
326,AMZN,SELL,LIMIT,198.49,30,326,NEW,
327,META,SELL,LIMIT,639.02,83,327,NEW,
328,TSLA,SELL,LIMIT,416.69,38,328,NEW,
329,NVDA,SELL,LIMIT,182.54,49,329,NEW,
330,MSFT,SELL,LIMIT,401.52,26,330,NEW,
331,MSFT,SELL,LIMIT,401.47,795,331,NEW,
332,NVDA,SELL,LIMIT,182.53,86,332,NEW,
333,NVDA,BUY,LIMIT,182.46,30,333,NEW,
334,SPY,BUY,LIMIT,681.49,57,334,NEW,
335,META,SELL,LIMIT,639.07,50,335,NEW,
336,MSFT,BUY,LIMIT,401.38,43,336,NEW,
337,TSLA,SELL,LIMIT,416.85,72,337,NEW,
338,AAPL,SELL,LIMIT,255.62,76,338,NEW,
339,GOOGL,SELL,LIMIT,305.96,56,339,NEW,
340,AAPL,BUY,LIMIT,255.4,27,340,NEW,
341,META,SELL,LIMIT,639.18,84,341,NEW,
342,MSFT,BUY,LIMIT,401.33,67,342,NEW,
343,AAPL,SELL,LIMIT,255.42,64,343,NEW,
344,META,BUY,LIMIT,639.04,1,344,NEW,
345,AMZN,SELL,LIMIT,198.58,63,345,NEW,
346,NVDA,SELL,LIMIT,182.41,20,346,NEW,
347,META,SELL,LIMIT,639.06,22,347,NEW,
348,MSFT,BUY,LIMIT,401.3,1,348,NEW,
349,AAPL,SELL,LIMIT,255.37,65,349,NEW,
350,TSLA,SELL,LIMIT,416.79,66,350,NEW,
351,TSLA,SELL,LIMIT,416.78,63,351,NEW,
352,TSLA,BUY,LIMIT,416.59,98,352,NEW,
353,MSFT,BUY,LIMIT,401.33,75,353,NEW,
354,GOOGL,SELL,LIMIT,305.84,5,354,NEW,
355,TSLA,SELL,LIMIT,416.55,26,355,NEW,
356,AAPL,BUY,LIMIT,255.18,631,356,NEW,
357,TSLA,SELL,LIMIT,416.42,6,357,NEW,
358,AAPL,BUY,LIMIT,255.21,56,358,NEW,
359,NVDA,BUY,LIMIT,182.35,12,359,NEW,
360,MSFT,BUY,LIMIT,401.23,41,360,NEW,
361,SPY,SELL,LIMIT,681.89,51,361,NEW,
362,SPY,BUY,LIMIT,681.58,25,362,NEW,
363,TSLA,SELL,LIMIT,416.3,37,363,NEW,
364,AMZN,BUY,LIMIT,198.52,5,364,NEW,
365,GOOGL,BUY,LIMIT,305.81,78,365,NEW,
366,TSLA,BUY,LIMIT,416.15,39,366,NEW,
367,MSFT,BUY,LIMIT,401.37,75,367,NEW,
368,SPY,BUY,LIMIT,681.62,970,368,NEW,
369,SPY,SELL,LIMIT,681.95,52,369,NEW,
370,META,BUY,LIMIT,639.2,31,370,NEW,
371,GOOGL,SELL,LIMIT,305.94,98,371,NEW,
372,MSFT,SELL,LIMIT,401.5,27,372,NEW,
373,MSFT,SELL,LIMIT,401.42,60,373,NEW,
374,TSLA,BUY,LIMIT,415.86,33,374,NEW,
375,AAPL,BUY,LIMIT,255.07,19,375,NEW,
376,NVDA,BUY,LIMIT,182.53,32,376,NEW,
377,AAPL,SELL,LIMIT,255.13,88,377,NEW,
378,GOOGL,SELL,LIMIT,305.86,685,378,NEW,
379,META,BUY,LIMIT,639.58,933,379,NEW,
380,AMZN,SELL,LIMIT,198.58,400,380,NEW,
381,NVDA,SELL,LIMIT,182.59,62,381,NEW,
382,SPY,BUY,LIMIT,681.65,8,382,NEW,
383,AAPL,BUY,LIMIT,255.12,72,383,NEW,
384,AMZN,SELL,LIMIT,198.57,34,384,NEW,
385,NVDA,BUY,LIMIT,182.45,96,385,NEW,
386,AAPL,BUY,LIMIT,255.1,76,386,NEW,
387,AAPL,SELL,LIMIT,255.16,37,387,NEW,
388,MSFT,SELL,LIMIT,401.31,91,388,NEW,
389,META,BUY,LIMIT,639.55,86,389,NEW,
390,MSFT,SELL,LIMIT,401.34,11,390,NEW,
391,SPY,SELL,LIMIT,681.83,66,391,NEW,
392,NVDA,BUY,LIMIT,182.4,58,392,NEW,
393,AMZN,SELL,LIMIT,198.64,35,393,NEW,
394,AAPL,SELL,LIMIT,255.05,19,394,NEW,
395,META,BUY,LIMIT,639.76,372,395,NEW,
396,SPY,BUY,LIMIT,681.63,76,396,NEW,
397,SPY,BUY,LIMIT,681.69,596,397,NEW,
398,GOOGL,SELL,LIMIT,305.78,65,398,NEW,
399,AMZN,BUY,LIMIT,198.68,52,399,NEW,
400,GOOGL,SELL,LIMIT,305.77,79,400,NEW,
401,AMZN,BUY,LIMIT,198.68,67,401,NEW,
402,META,BUY,LIMIT,639.85,59,402,NEW,
403,MSFT,BUY,LIMIT,401.12,5,403,NEW,
404,AMZN,BUY,LIMIT,198.66,48,404,NEW,
405,AMZN,BUY,LIMIT,198.55,26,405,NEW,
406,NVDA,BUY,LIMIT,182.42,77,406,NEW,
407,SPY,SELL,LIMIT,681.88,593,407,NEW,
408,MSFT,SELL,LIMIT,401.29,10,408,NEW,
409,SPY,SELL,LIMIT,682.01,225,409,NEW,
410,AAPL,BUY,LIMIT,254.97,83,410,NEW,
411,AAPL,SELL,LIMIT,255.15,13,411,NEW,
412,NVDA,SELL,LIMIT,182.47,77,412,NEW,
413,NVDA,SELL,LIMIT,182.42,30,413,NEW,
414,META,SELL,LIMIT,640.03,75,414,NEW,
415,GOOGL,SELL,LIMIT,305.81,99,415,NEW,
416,GOOGL,SELL,LIMIT,305.78,88,416,NEW,
417,MSFT,BUY,LIMIT,401.16,36,417,NEW,
418,MSFT,SELL,LIMIT,401.32,33,418,NEW,
419,GOOGL,BUY,LIMIT,305.71,35,419,NEW,
420,TSLA,SELL,LIMIT,416.09,74,420,NEW,
421,NVDA,SELL,LIMIT,182.48,98,421,NEW,
422,GOOGL,SELL,LIMIT,305.72,74,422,NEW,
423,SPY,BUY,LIMIT,681.64,56,423,NEW,
424,AAPL,BUY,LIMIT,254.99,17,424,NEW,
425,META,SELL,LIMIT,640.13,51,425,NEW,
426,AMZN,SELL,LIMIT,198.67,8,426,NEW,
427,META,SELL,LIMIT,640.32,79,427,NEW,
428,AAPL,SELL,LIMIT,255.06,37,428,NEW,
429,MSFT,BUY,LIMIT,401.18,81,429,NEW,
430,AMZN,BUY,LIMIT,198.59,3,430,NEW,
431,NVDA,SELL,LIMIT,182.51,31,431,NEW,
432,SPY,SELL,LIMIT,681.93,71,432,NEW,
433,AMZN,SELL,LIMIT,198.63,9,433,NEW,
434,SPY,SELL,LIMIT,681.99,8,434,NEW,
435,GOOGL,BUY,LIMIT,305.58,64,435,NEW,
436,MSFT,BUY,LIMIT,401.06,94,436,NEW,
437,TSLA,SELL,LIMIT,416.06,22,437,NEW,
438,META,SELL,LIMIT,640.55,12,438,NEW,
439,SPY,SELL,LIMIT,681.9,80,439,NEW,
440,MSFT,BUY,LIMIT,401.1,97,440,NEW,
441,GOOGL,BUY,LIMIT,305.64,66,441,NEW,
442,TSLA,BUY,LIMIT,416.03,77,442,NEW,
443,AMZN,SELL,LIMIT,198.67,93,443,NEW,
444,AAPL,BUY,LIMIT,254.92,19,444,NEW,
445,GOOGL,BUY,LIMIT,305.65,55,445,NEW,
446,META,SELL,LIMIT,640.56,33,446,NEW,
447,AAPL,SELL,LIMIT,255.02,56,447,NEW,
448,SPY,BUY,LIMIT,681.73,78,448,NEW,
449,TSLA,SELL,LIMIT,416.3,67,449,NEW,
450,TSLA,SELL,LIMIT,416.32,46,450,NEW,
451,SPY,BUY,LIMIT,681.87,96,451,NEW,
452,SPY,SELL,LIMIT,681.91,14,452,NEW,
453,META,SELL,LIMIT,640.3,6,453,NEW,
454,AAPL,BUY,LIMIT,254.84,74,454,NEW,
455,AAPL,SELL,LIMIT,255.05,70,455,NEW,
456,GOOGL,SELL,LIMIT,305.82,43,456,NEW,
457,NVDA,SELL,LIMIT,182.52,64,457,NEW,
458,MSFT,BUY,LIMIT,401.04,99,458,NEW,
459,AAPL,SELL,LIMIT,255.03,51,459,NEW,
460,NVDA,BUY,LIMIT,182.48,75,460,NEW,
461,NVDA,BUY,LIMIT,182.5,90,461,NEW,
462,SPY,SELL,LIMIT,681.67,21,462,NEW,
463,META,SELL,LIMIT,640.09,52,463,NEW,
464,AAPL,BUY,LIMIT,254.95,86,464,NEW,
465,GOOGL,SELL,LIMIT,305.77,53,465,NEW,
466,AMZN,SELL,LIMIT,198.61,25,466,NEW,
467,AAPL,BUY,LIMIT,254.92,46,467,NEW,
468,NVDA,BUY,LIMIT,182.58,37,468,NEW,
469,TSLA,BUY,LIMIT,416.34,18,469,NEW,
470,TSLA,BUY,LIMIT,416.07,16,470,NEW,
471,AMZN,SELL,LIMIT,198.57,57,471,NEW,
472,AMZN,SELL,LIMIT,198.57,52,472,NEW,
473,TSLA,SELL,LIMIT,415.77,83,473,NEW,
474,NVDA,BUY,LIMIT,182.55,74,474,NEW,
475,NVDA,SELL,LIMIT,182.58,26,475,NEW,
476,AAPL,BUY,LIMIT,255,27,476,NEW,
477,AMZN,SELL,LIMIT,198.55,40,477,NEW,
478,SPY,SELL,LIMIT,681.55,86,478,NEW,
479,META,BUY,LIMIT,639.61,8,479,NEW,
480,AAPL,SELL,LIMIT,255.06,20,480,NEW,
481,TSLA,BUY,LIMIT,415.8,45,481,NEW,
482,SPY,SELL,LIMIT,681.39,23,482,NEW,
483,AAPL,SELL,LIMIT,255.04,3,483,NEW,
484,MSFT,BUY,LIMIT,401.07,35,484,NEW,
485,META,BUY,LIMIT,639.54,265,485,NEW,
486,SPY,BUY,LIMIT,681.28,77,486,NEW,
487,TSLA,SELL,LIMIT,415.8,19,487,NEW,
488,AAPL,BUY,LIMIT,254.98,93,488,NEW,
489,GOOGL,BUY,LIMIT,305.73,2,489,NEW,
490,AMZN,BUY,LIMIT,198.38,78,490,NEW,
491,AAPL,SELL,LIMIT,255.06,51,491,NEW,
492,SPY,SELL,LIMIT,681.66,36,492,NEW,
493,SPY,SELL,LIMIT,681.54,23,493,NEW,
494,SPY,SELL,LIMIT,681.54,61,494,NEW,
495,AMZN,BUY,LIMIT,198.43,100,495,NEW,
496,AMZN,BUY,LIMIT,198.46,6,496,NEW,
497,META,BUY,LIMIT,639.03,55,497,NEW,
498,AAPL,BUY,LIMIT,254.91,16,498,NEW,
499,AAPL,BUY,LIMIT,254.89,96,499,NEW,
500,TSLA,SELL,LIMIT,415.64,44,500,NEW,
501,AMZN,SELL,LIMIT,198.53,648,501,NEW,
502,AAPL,SELL,LIMIT,254.98,45,502,NEW,
503,NVDA,SELL,LIMIT,182.54,9,503,NEW,
504,TSLA,SELL,LIMIT,415.74,25,504,NEW,
505,AMZN,BUY,LIMIT,198.45,563,505,NEW,
506,NVDA,SELL,LIMIT,182.6,45,506,NEW,
507,SPY,BUY,LIMIT,681.18,979,507,NEW,
508,META,SELL,LIMIT,638.95,43,508,NEW,
509,SPY,SELL,LIMIT,681.55,566,509,NEW,
510,AAPL,SELL,LIMIT,254.87,649,510,NEW,
511,AAPL,SELL,LIMIT,254.83,79,511,NEW,
512,AMZN,SELL,LIMIT,198.57,43,512,NEW,
513,TSLA,BUY,LIMIT,415.62,1,513,NEW,
514,TSLA,BUY,LIMIT,415.53,22,514,NEW,
515,MSFT,SELL,LIMIT,401.26,98,515,NEW,
516,AAPL,SELL,LIMIT,254.88,56,516,NEW,
517,SPY,SELL,LIMIT,681.33,10,517,NEW,
518,NVDA,BUY,LIMIT,182.46,12,518,NEW,
519,MSFT,BUY,LIMIT,401.12,30,519,NEW,
520,AAPL,BUY,LIMIT,254.81,75,520,NEW,
521,SPY,BUY,LIMIT,681.22,23,521,NEW,
522,TSLA,SELL,LIMIT,415.52,720,522,NEW,
523,META,BUY,LIMIT,638.86,9,523,NEW,
524,SPY,BUY,LIMIT,681.27,68,524,NEW,
525,AMZN,SELL,LIMIT,198.59,33,525,NEW,
526,TSLA,SELL,LIMIT,415.4,9,526,NEW,
527,SPY,SELL,LIMIT,681.41,42,527,NEW,
528,NVDA,BUY,LIMIT,182.38,56,528,NEW,
529,MSFT,SELL,LIMIT,401.35,18,529,NEW,
530,NVDA,BUY,LIMIT,182.46,6,530,NEW,
531,MSFT,SELL,LIMIT,401.49,62,531,NEW,
532,MSFT,SELL,LIMIT,401.7,85,532,NEW,
533,MSFT,BUY,LIMIT,401.49,393,533,NEW,
534,GOOGL,BUY,LIMIT,305.76,85,534,NEW,
535,GOOGL,BUY,LIMIT,305.76,18,535,NEW,
536,AMZN,SELL,LIMIT,198.59,73,536,NEW,
537,AMZN,SELL,LIMIT,198.69,96,537,NEW,
538,GOOGL,SELL,LIMIT,305.87,45,538,NEW,
539,TSLA,BUY,LIMIT,414.88,74,539,NEW,
540,TSLA,BUY,LIMIT,414.9,10,540,NEW,
541,GOOGL,BUY,LIMIT,305.77,38,541,NEW,
542,NVDA,BUY,LIMIT,182.52,80,542,NEW,
543,AAPL,SELL,LIMIT,254.87,43,543,NEW,
544,AAPL,BUY,LIMIT,254.77,12,544,NEW,
545,MSFT,SELL,LIMIT,401.62,10,545,NEW,
546,NVDA,BUY,LIMIT,182.63,37,546,NEW,
547,MSFT,SELL,LIMIT,401.45,55,547,NEW,
548,TSLA,BUY,LIMIT,415.2,246,548,NEW,
549,SPY,SELL,LIMIT,681.4,44,549,NEW,
550,AMZN,BUY,LIMIT,198.6,39,550,NEW,
551,SPY,SELL,LIMIT,681.44,54,551,NEW,
552,MSFT,SELL,LIMIT,401.47,21,552,NEW,
553,META,BUY,LIMIT,639.02,68,553,NEW,
554,AAPL,BUY,LIMIT,254.72,55,554,NEW,
555,SPY,BUY,LIMIT,681.2,76,555,NEW,
556,META,BUY,LIMIT,639.25,17,556,NEW,
557,META,BUY,LIMIT,639.3,78,557,NEW,
558,TSLA,SELL,LIMIT,415.34,39,558,NEW,
559,GOOGL,BUY,LIMIT,305.78,88,559,NEW,
560,MSFT,BUY,LIMIT,401.49,19,560,NEW,
561,SPY,SELL,LIMIT,681.6,76,561,NEW,
562,AMZN,SELL,LIMIT,198.68,47,562,NEW,
563,MSFT,SELL,LIMIT,401.52,90,563,NEW,
564,NVDA,BUY,LIMIT,182.71,18,564,NEW,
565,SPY,BUY,LIMIT,681.42,584,565,NEW,
566,AAPL,SELL,LIMIT,254.79,470,566,NEW,
567,MSFT,SELL,LIMIT,401.48,88,567,NEW,
568,META,BUY,LIMIT,639.55,9,568,NEW,
569,NVDA,BUY,LIMIT,182.71,54,569,NEW,
570,AAPL,BUY,LIMIT,254.74,12,570,NEW,
571,SPY,SELL,LIMIT,681.49,29,571,NEW,
572,AMZN,SELL,LIMIT,198.73,90,572,NEW,
573,AMZN,BUY,LIMIT,198.7,32,573,NEW,
574,MSFT,BUY,LIMIT,401.44,26,574,NEW,
575,AMZN,SELL,LIMIT,198.78,86,575,NEW,
576,NVDA,SELL,LIMIT,182.83,63,576,NEW,
577,GOOGL,BUY,LIMIT,305.82,33,577,NEW,
578,SPY,SELL,LIMIT,681.32,570,578,NEW,
579,AMZN,BUY,LIMIT,198.69,50,579,NEW,
580,SPY,BUY,LIMIT,681.32,29,580,NEW,
581,NVDA,SELL,LIMIT,182.87,27,581,NEW,
582,AAPL,BUY,LIMIT,254.74,2,582,NEW,
583,GOOGL,SELL,LIMIT,305.98,72,583,NEW,
584,SPY,BUY,LIMIT,681.33,10,584,NEW,
585,SPY,SELL,LIMIT,681.58,13,585,NEW,
586,NVDA,BUY,LIMIT,182.86,72,586,NEW,
587,SPY,BUY,LIMIT,681.27,38,587,NEW,
588,NVDA,SELL,LIMIT,183.01,10,588,NEW,
589,AAPL,BUY,LIMIT,254.73,67,589,NEW,
590,META,SELL,LIMIT,639.53,11,590,NEW,
591,GOOGL,BUY,LIMIT,305.83,60,591,NEW,
592,SPY,SELL,LIMIT,681.41,14,592,NEW,
593,MSFT,BUY,LIMIT,401.52,5,593,NEW,
594,META,BUY,LIMIT,639.17,22,594,NEW,
595,SPY,SELL,LIMIT,681.37,56,595,NEW,
596,SPY,SELL,LIMIT,681.25,46,596,NEW,
597,TSLA,BUY,LIMIT,415.17,8,597,NEW,
598,META,SELL,LIMIT,639.49,4,598,NEW,
599,AMZN,SELL,LIMIT,198.79,7,599,NEW,
600,TSLA,BUY,LIMIT,415.34,53,600,NEW,
601,AMZN,BUY,LIMIT,198.7,16,601,NEW,
602,MSFT,BUY,LIMIT,401.55,1,602,NEW,
603,MSFT,SELL,LIMIT,401.77,3,603,NEW,
604,AAPL,BUY,LIMIT,254.84,791,604,NEW,
605,SPY,BUY,LIMIT,680.92,36,605,NEW,
606,NVDA,SELL,LIMIT,183.05,8,606,NEW,
607,META,BUY,LIMIT,639.46,84,607,NEW,
608,AAPL,SELL,LIMIT,254.86,21,608,NEW,
609,TSLA,SELL,LIMIT,415.36,49,609,NEW,
610,AAPL,BUY,LIMIT,254.9,87,610,NEW,
611,AMZN,SELL,LIMIT,198.77,91,611,NEW,
612,AAPL,BUY,LIMIT,254.88,76,612,NEW,
613,MSFT,BUY,LIMIT,401.67,31,613,NEW,
614,AAPL,BUY,LIMIT,254.87,26,614,NEW,
615,NVDA,SELL,LIMIT,182.91,63,615,NEW,
616,AMZN,BUY,LIMIT,198.77,22,616,NEW,
617,AAPL,BUY,LIMIT,254.82,35,617,NEW,
618,SPY,BUY,LIMIT,680.94,71,618,NEW,
619,AAPL,SELL,LIMIT,254.96,2,619,NEW,
620,MSFT,BUY,LIMIT,401.6,9,620,NEW,
621,MSFT,BUY,LIMIT,401.69,811,621,NEW,
622,AMZN,BUY,LIMIT,198.78,836,622,NEW,
623,MSFT,BUY,LIMIT,401.69,88,623,NEW,
624,TSLA,BUY,LIMIT,415.19,88,624,NEW,
625,TSLA,BUY,LIMIT,415.46,97,625,NEW,
626,AMZN,SELL,LIMIT,198.81,27,626,NEW,
627,META,SELL,LIMIT,639.77,29,627,NEW,
628,TSLA,SELL,LIMIT,415.45,24,628,NEW,
629,SPY,BUY,LIMIT,680.9,28,629,NEW,
630,AMZN,BUY,LIMIT,198.7,70,630,NEW,
631,AMZN,SELL,LIMIT,198.76,66,631,NEW,
632,SPY,SELL,LIMIT,681.29,19,632,NEW,
633,META,SELL,LIMIT,639.78,94,633,NEW,
634,AMZN,SELL,LIMIT,198.77,2,634,NEW,
635,SPY,BUY,LIMIT,681.01,771,635,NEW,
636,AAPL,BUY,LIMIT,254.76,76,636,NEW,
637,NVDA,SELL,LIMIT,183.02,77,637,NEW,
638,MSFT,BUY,LIMIT,401.77,960,638,NEW,
639,NVDA,BUY,LIMIT,182.89,91,639,NEW,
640,SPY,BUY,LIMIT,681.07,39,640,NEW,
641,AAPL,SELL,LIMIT,254.82,49,641,NEW,
642,MSFT,SELL,LIMIT,401.86,14,642,NEW,
643,AAPL,BUY,LIMIT,254.79,948,643,NEW,
644,META,SELL,LIMIT,639.94,80,644,NEW,
645,NVDA,BUY,LIMIT,182.92,66,645,NEW,
646,GOOGL,BUY,LIMIT,305.88,438,646,NEW,
647,NVDA,SELL,LIMIT,182.93,39,647,NEW,
648,TSLA,SELL,LIMIT,415.42,14,648,NEW,
649,AAPL,BUY,LIMIT,254.8,60,649,NEW,
650,NVDA,SELL,LIMIT,182.96,90,650,NEW,
651,META,BUY,LIMIT,639.59,18,651,NEW,
652,AMZN,BUY,LIMIT,198.67,426,652,NEW,
653,GOOGL,BUY,LIMIT,305.94,74,653,NEW,
654,TSLA,SELL,LIMIT,415.56,41,654,NEW,
655,NVDA,BUY,LIMIT,182.89,3,655,NEW,
656,TSLA,SELL,LIMIT,415.68,28,656,NEW,
657,NVDA,SELL,LIMIT,182.93,40,657,NEW,
658,SPY,BUY,LIMIT,681.02,69,658,NEW,
659,GOOGL,BUY,LIMIT,305.81,91,659,NEW,
660,AAPL,SELL,LIMIT,254.9,50,660,NEW,
661,AMZN,BUY,LIMIT,198.62,13,661,NEW,
662,META,SELL,LIMIT,639.86,74,662,NEW,
663,AAPL,SELL,LIMIT,254.88,9,663,NEW,
664,AAPL,BUY,LIMIT,254.74,77,664,NEW,
665,SPY,SELL,LIMIT,681.28,95,665,NEW,
666,META,BUY,LIMIT,639.66,92,666,NEW,
667,AMZN,BUY,LIMIT,198.53,86,667,NEW,
668,GOOGL,SELL,LIMIT,306,44,668,NEW,
669,SPY,BUY,LIMIT,680.94,78,669,NEW,
670,TSLA,BUY,LIMIT,415.53,18,670,NEW,
671,MSFT,BUY,LIMIT,401.81,29,671,NEW,
672,AMZN,BUY,LIMIT,198.56,436,672,NEW,
673,MSFT,SELL,LIMIT,401.94,73,673,NEW,
674,AAPL,SELL,LIMIT,254.93,16,674,NEW,
675,AAPL,SELL,LIMIT,255.01,79,675,NEW,
676,MSFT,BUY,LIMIT,401.83,49,676,NEW,
677,TSLA,SELL,LIMIT,415.55,304,677,NEW,
678,AMZN,BUY,LIMIT,198.55,5,678,NEW,
679,AMZN,BUY,LIMIT,198.59,17,679,NEW,
680,NVDA,SELL,LIMIT,183.08,87,680,NEW,
681,SPY,BUY,LIMIT,681.24,20,681,NEW,
682,TSLA,SELL,LIMIT,415.28,57,682,NEW,
683,SPY,SELL,LIMIT,681.44,11,683,NEW,
684,MSFT,BUY,LIMIT,401.81,71,684,NEW,
685,NVDA,SELL,LIMIT,183.1,588,685,NEW,
686,GOOGL,SELL,LIMIT,306.02,87,686,NEW,
687,NVDA,SELL,LIMIT,183.02,45,687,NEW,
688,META,BUY,LIMIT,639.84,33,688,NEW,
689,TSLA,SELL,LIMIT,415.36,8,689,NEW,
690,SPY,SELL,LIMIT,681.45,97,690,NEW,
691,META,BUY,LIMIT,639.98,63,691,NEW,
692,AAPL,BUY,LIMIT,254.93,100,692,NEW,
693,AMZN,BUY,LIMIT,198.68,86,693,NEW,
694,GOOGL,BUY,LIMIT,305.91,85,694,NEW,
695,AMZN,BUY,LIMIT,198.68,52,695,NEW,
696,NVDA,BUY,LIMIT,182.86,9,696,NEW,
697,GOOGL,BUY,LIMIT,305.9,67,697,NEW,
698,AAPL,SELL,LIMIT,255.01,71,698,NEW,
699,NVDA,BUY,LIMIT,182.83,8,699,NEW,
700,NVDA,BUY,LIMIT,182.81,425,700,NEW,
701,MSFT,SELL,LIMIT,401.87,36,701,NEW,
702,SPY,SELL,LIMIT,681.47,78,702,NEW,
703,GOOGL,SELL,LIMIT,306.03,49,703,NEW,
704,SPY,SELL,LIMIT,681.57,45,704,NEW,
705,NVDA,BUY,LIMIT,182.8,32,705,NEW,
706,AAPL,BUY,LIMIT,254.96,42,706,NEW,
707,AMZN,BUY,LIMIT,198.67,39,707,NEW,
708,NVDA,BUY,LIMIT,182.82,48,708,NEW,
709,NVDA,SELL,LIMIT,182.85,868,709,NEW,
710,AAPL,BUY,LIMIT,254.92,31,710,NEW,
711,SPY,SELL,LIMIT,681.41,41,711,NEW,
712,MSFT,BUY,LIMIT,401.61,97,712,NEW,
713,NVDA,SELL,LIMIT,182.81,98,713,NEW,
714,GOOGL,BUY,LIMIT,305.8,4,714,NEW,
715,AAPL,BUY,LIMIT,254.88,24,715,NEW,
716,MSFT,SELL,LIMIT,401.95,71,716,NEW,
717,TSLA,BUY,LIMIT,415.29,35,717,NEW,
718,TSLA,BUY,LIMIT,415.07,46,718,NEW,
719,GOOGL,SELL,LIMIT,305.81,827,719,NEW,
720,GOOGL,BUY,LIMIT,305.61,52,720,NEW,
721,META,SELL,LIMIT,639.94,30,721,NEW,
722,AMZN,BUY,LIMIT,198.64,70,722,NEW,
723,SPY,SELL,LIMIT,681.61,25,723,NEW,
724,SPY,SELL,LIMIT,681.56,25,724,NEW,
725,META,SELL,LIMIT,640.05,73,725,NEW,
726,NVDA,BUY,LIMIT,182.71,33,726,NEW,
727,SPY,BUY,LIMIT,681.28,18,727,NEW,
728,TSLA,SELL,LIMIT,415.21,28,728,NEW,
729,MSFT,SELL,LIMIT,401.97,53,729,NEW,
730,TSLA,SELL,LIMIT,415.33,72,730,NEW,
731,MSFT,SELL,LIMIT,402.05,74,731,NEW,
732,MSFT,BUY,LIMIT,401.96,8,732,NEW,
733,TSLA,BUY,LIMIT,415.27,328,733,NEW,
734,MSFT,SELL,LIMIT,402.09,46,734,NEW,
735,TSLA,SELL,LIMIT,415.38,19,735,NEW,
736,SPY,BUY,LIMIT,681.51,58,736,NEW,
737,AMZN,BUY,LIMIT,198.68,33,737,NEW,
738,GOOGL,SELL,LIMIT,305.75,53,738,NEW,
739,SPY,SELL,LIMIT,681.85,42,739,NEW,
740,MSFT,SELL,LIMIT,402.1,56,740,NEW,
741,AAPL,SELL,LIMIT,255.02,92,741,NEW,
742,MSFT,SELL,LIMIT,402.07,100,742,NEW,
743,AMZN,BUY,LIMIT,198.71,1,743,NEW,
744,AAPL,SELL,LIMIT,254.97,96,744,NEW,
745,NVDA,BUY,LIMIT,182.65,10,745,NEW,
746,AAPL,BUY,LIMIT,254.89,51,746,NEW,
747,NVDA,SELL,LIMIT,182.65,41,747,NEW,
748,SPY,BUY,LIMIT,681.77,21,748,NEW,
749,AMZN,BUY,LIMIT,198.74,92,749,NEW,
750,MSFT,SELL,LIMIT,401.97,44,750,NEW,
751,AMZN,SELL,LIMIT,198.76,36,751,NEW,
752,GOOGL,SELL,LIMIT,305.73,1,752,NEW,
753,TSLA,BUY,LIMIT,415.1,56,753,NEW,
754,META,BUY,LIMIT,640.01,39,754,NEW,
755,META,BUY,LIMIT,639.96,78,755,NEW,
756,NVDA,BUY,LIMIT,182.57,388,756,NEW,
757,MSFT,BUY,LIMIT,401.68,56,757,NEW,
758,AAPL,SELL,LIMIT,254.92,14,758,NEW,
759,NVDA,BUY,LIMIT,182.64,25,759,NEW,
760,NVDA,SELL,LIMIT,182.71,31,760,NEW,
761,TSLA,SELL,LIMIT,415.37,10,761,NEW,
762,AAPL,BUY,LIMIT,254.85,18,762,NEW,
763,TSLA,SELL,LIMIT,415.38,29,763,NEW,
764,MSFT,BUY,LIMIT,401.56,59,764,NEW,
765,NVDA,SELL,LIMIT,182.71,18,765,NEW,
766,NVDA,SELL,LIMIT,182.69,38,766,NEW,
767,NVDA,BUY,LIMIT,182.64,18,767,NEW,
768,META,SELL,LIMIT,639.96,1,768,NEW,
769,SPY,BUY,LIMIT,681.83,80,769,NEW,
770,SPY,BUY,LIMIT,681.8,45,770,NEW,
771,AAPL,SELL,LIMIT,254.98,55,771,NEW,
772,GOOGL,SELL,LIMIT,305.64,32,772,NEW,
773,AMZN,BUY,LIMIT,198.67,51,773,NEW,
774,SPY,SELL,LIMIT,682.27,67,774,NEW,
775,AAPL,SELL,LIMIT,254.98,80,775,NEW,
776,SPY,SELL,LIMIT,682.21,17,776,NEW,
777,NVDA,BUY,LIMIT,182.66,34,777,NEW,
778,AAPL,BUY,LIMIT,254.94,80,778,NEW,
779,TSLA,SELL,LIMIT,415.18,698,779,NEW,
780,META,SELL,LIMIT,640.25,77,780,NEW,
781,AMZN,SELL,LIMIT,198.72,19,781,NEW,
782,GOOGL,SELL,LIMIT,305.61,14,782,NEW,
783,GOOGL,SELL,LIMIT,305.61,50,783,NEW,
784,TSLA,BUY,LIMIT,415.04,25,784,NEW,
785,MSFT,SELL,LIMIT,401.78,22,785,NEW,
786,META,SELL,LIMIT,640.2,89,786,NEW,
787,AAPL,SELL,LIMIT,254.93,28,787,NEW,
788,AAPL,SELL,LIMIT,254.95,36,788,NEW,
789,AAPL,SELL,LIMIT,254.9,80,789,NEW,
790,TSLA,BUY,LIMIT,414.81,49,790,NEW,
791,AMZN,SELL,LIMIT,198.73,79,791,NEW,
792,AAPL,SELL,LIMIT,254.92,90,792,NEW,
793,SPY,SELL,LIMIT,682.19,41,793,NEW,
794,AAPL,SELL,LIMIT,254.87,26,794,NEW,
795,AMZN,SELL,LIMIT,198.72,5,795,NEW,
796,SPY,SELL,LIMIT,682.24,39,796,NEW,
797,MSFT,SELL,LIMIT,401.77,89,797,NEW,
798,TSLA,BUY,LIMIT,414.59,88,798,NEW,
799,TSLA,BUY,LIMIT,414.46,78,799,NEW,
800,AAPL,BUY,LIMIT,254.75,22,800,NEW,
801,MSFT,BUY,LIMIT,401.64,20,801,NEW,
802,AAPL,BUY,LIMIT,254.72,946,802,NEW,
803,GOOGL,BUY,LIMIT,305.55,52,803,NEW,
804,NVDA,BUY,LIMIT,182.65,10,804,NEW,
805,AAPL,SELL,LIMIT,254.81,814,805,NEW,
806,META,SELL,LIMIT,640.05,29,806,NEW,
807,TSLA,BUY,LIMIT,414.44,57,807,NEW,
808,META,SELL,MARKET,,23,808,NEW,
809,AMZN,BUY,LIMIT,198.61,4,809,NEW,
810,TSLA,SELL,LIMIT,414.29,46,810,NEW,
811,TSLA,BUY,LIMIT,414.24,55,811,NEW,
812,MSFT,SELL,LIMIT,401.84,21,812,NEW,
813,GOOGL,SELL,MARKET,,51,813,NEW,
814,MSFT,SELL,LIMIT,401.77,58,814,NEW,
815,AAPL,BUY,LIMIT,254.77,52,815,NEW,
816,AAPL,SELL,MARKET,,78,816,NEW,
817,SPY,SELL,LIMIT,682.41,89,817,NEW,
818,SPY,BUY,LIMIT,682.2,15,818,NEW,
819,MSFT,BUY,LIMIT,401.55,535,819,NEW,
820,NVDA,BUY,LIMIT,182.56,6,820,NEW,
821,MSFT,SELL,LIMIT,401.73,94,821,NEW,
822,MSFT,BUY,LIMIT,401.51,90,822,NEW,
823,AAPL,SELL,LIMIT,254.86,60,823,NEW,
824,AAPL,SELL,LIMIT,254.88,12,824,NEW,
825,MSFT,SELL,LIMIT,401.73,56,825,NEW,
826,MSFT,SELL,LIMIT,401.57,74,826,NEW,
827,SPY,SELL,LIMIT,682.32,35,827,NEW,
828,MSFT,SELL,LIMIT,401.6,77,828,NEW,
829,META,BUY,LIMIT,639.79,90,829,NEW,
830,TSLA,BUY,MARKET,,84,830,NEW,
831,GOOGL,BUY,LIMIT,305.71,42,831,NEW,
832,SPY,BUY,LIMIT,682.2,905,832,NEW,
833,GOOGL,BUY,MARKET,,63,833,NEW,
834,AAPL,SELL,MARKET,,692,834,NEW,
835,AAPL,BUY,MARKET,,28,835,NEW,
836,GOOGL,BUY,MARKET,,536,836,NEW,
837,META,BUY,MARKET,,77,837,NEW,
838,SPY,BUY,MARKET,,447,838,NEW,
839,GOOGL,SELL,MARKET,,68,839,NEW,
840,AAPL,SELL,MARKET,,83,840,NEW,
841,SPY,BUY,MARKET,,70,841,NEW,
842,AMZN,BUY,MARKET,,57,842,NEW,
843,AAPL,SELL,MARKET,,64,843,NEW,
844,AMZN,BUY,MARKET,,5,844,NEW,
845,SPY,BUY,MARKET,,3,845,NEW,
846,AMZN,BUY,MARKET,,357,846,NEW,
847,SPY,SELL,MARKET,,79,847,NEW,
848,GOOGL,BUY,MARKET,,515,848,NEW,
849,AAPL,BUY,MARKET,,81,849,NEW,
850,AMZN,SELL,MARKET,,9,850,NEW,
851,META,SELL,MARKET,,58,851,NEW,
852,AMZN,SELL,MARKET,,58,852,NEW,
853,SPY,SELL,MARKET,,891,853,NEW,
854,NVDA,BUY,MARKET,,71,854,NEW,
855,AAPL,SELL,MARKET,,3,855,NEW,
856,TSLA,BUY,MARKET,,87,856,NEW,
857,AAPL,SELL,MARKET,,59,857,NEW,
858,AAPL,SELL,MARKET,,30,858,NEW,
859,AAPL,SELL,MARKET,,11,859,NEW,
860,NVDA,SELL,MARKET,,305,860,NEW,
861,MSFT,BUY,MARKET,,85,861,NEW,
862,AAPL,SELL,MARKET,,78,862,NEW,
863,SPY,SELL,LIMIT,682.51,385,863,NEW,
864,MSFT,BUY,LIMIT,401.41,78,864,NEW,
865,TSLA,SELL,MARKET,,92,865,NEW,
866,AMZN,BUY,LIMIT,198.93,6,866,NEW,
867,NVDA,SELL,MARKET,,21,867,NEW,
868,NVDA,SELL,LIMIT,182.39,1,868,NEW,
869,AAPL,BUY,LIMIT,254.9,73,869,NEW,
870,MSFT,BUY,LIMIT,401.29,70,870,NEW,
871,TSLA,SELL,LIMIT,414.5,42,871,NEW,
872,NVDA,BUY,LIMIT,182.36,58,872,NEW,
873,SPY,SELL,LIMIT,682.45,48,873,NEW,
874,SPY,SELL,MARKET,,31,874,NEW,
875,TSLA,SELL,LIMIT,414.76,59,875,NEW,
876,NVDA,SELL,LIMIT,182.49,18,876,NEW,
877,AMZN,SELL,LIMIT,198.93,59,877,NEW,
878,NVDA,SELL,LIMIT,182.48,72,878,NEW,
879,NVDA,BUY,LIMIT,182.45,88,879,NEW,
880,MSFT,SELL,MARKET,,93,880,NEW,
881,META,SELL,MARKET,,52,881,NEW,
882,AAPL,SELL,LIMIT,254.99,695,882,NEW,
883,TSLA,SELL,LIMIT,414.72,16,883,NEW,
884,MSFT,SELL,LIMIT,401.38,69,884,NEW,
885,META,BUY,LIMIT,639.97,81,885,NEW,
886,AAPL,BUY,MARKET,,10,886,NEW,
887,SPY,SELL,LIMIT,682.49,959,887,NEW,
888,NVDA,SELL,LIMIT,182.51,71,888,NEW,
889,SPY,BUY,MARKET,,66,889,NEW,
890,SPY,BUY,LIMIT,682.25,80,890,NEW,
891,NVDA,BUY,LIMIT,182.44,11,891,NEW,
892,SPY,SELL,LIMIT,682.5,29,892,NEW,
893,SPY,BUY,MARKET,,26,893,NEW,
894,AAPL,BUY,MARKET,,44,894,NEW,
895,SPY,BUY,MARKET,,91,895,NEW,
896,META,SELL,MARKET,,4,896,NEW,
897,AMZN,SELL,MARKET,,72,897,NEW,
898,NVDA,SELL,MARKET,,96,898,NEW,
899,GOOGL,SELL,MARKET,,98,899,NEW,
900,AMZN,SELL,MARKET,,50,900,NEW,
901,AAPL,BUY,MARKET,,58,901,NEW,
902,SPY,SELL,MARKET,,43,902,NEW,
903,TSLA,SELL,MARKET,,80,903,NEW,
904,TSLA,BUY,MARKET,,400,904,NEW,
905,GOOGL,BUY,MARKET,,6,905,NEW,
906,NVDA,SELL,MARKET,,1,906,NEW,
907,SPY,SELL,MARKET,,86,907,NEW,
908,MSFT,SELL,MARKET,,204,908,NEW,
909,MSFT,BUY,MARKET,,12,909,NEW,
910,SPY,SELL,MARKET,,97,910,NEW,
911,NVDA,SELL,MARKET,,52,911,NEW,
912,TSLA,BUY,MARKET,,18,912,NEW,
913,SPY,BUY,MARKET,,76,913,NEW,
914,AAPL,BUY,MARKET,,52,914,NEW,
915,MSFT,BUY,MARKET,,42,915,NEW,
916,SPY,SELL,MARKET,,19,916,NEW,
917,NVDA,SELL,MARKET,,59,917,NEW,
918,AAPL,SELL,MARKET,,706,918,NEW,
919,META,BUY,MARKET,,38,919,NEW,
920,NVDA,BUY,MARKET,,34,920,NEW,
921,NVDA,SELL,MARKET,,688,921,NEW,
922,GOOGL,BUY,MARKET,,84,922,NEW,
923,AMZN,SELL,MARKET,,36,923,NEW,
924,SPY,SELL,MARKET,,92,924,NEW,
925,MSFT,BUY,MARKET,,20,925,NEW,
926,AAPL,SELL,MARKET,,660,926,NEW,
927,GOOGL,SELL,MARKET,,20,927,NEW,
928,SPY,BUY,MARKET,,98,928,NEW,
929,TSLA,BUY,MARKET,,63,929,NEW,
930,AMZN,BUY,MARKET,,17,930,NEW,
931,AMZN,BUY,MARKET,,13,931,NEW,
932,AAPL,SELL,MARKET,,69,932,NEW,
933,AAPL,SELL,MARKET,,75,933,NEW,
934,NVDA,BUY,MARKET,,35,934,NEW,
935,MSFT,SELL,MARKET,,3,935,NEW,
936,NVDA,SELL,MARKET,,88,936,NEW,
937,AAPL,BUY,MARKET,,43,937,NEW,
938,SPY,SELL,MARKET,,72,938,NEW,
939,MSFT,BUY,MARKET,,32,939,NEW,
940,AMZN,SELL,MARKET,,18,940,NEW,
941,MSFT,BUY,MARKET,,26,941,NEW,
942,SPY,BUY,MARKET,,98,942,NEW,
943,SPY,BUY,MARKET,,397,943,NEW,
944,SPY,SELL,MARKET,,578,944,NEW,
945,META,BUY,MARKET,,2,945,NEW,
946,TSLA,SELL,MARKET,,21,946,NEW,
947,AMZN,BUY,MARKET,,72,947,NEW,
948,NVDA,SELL,MARKET,,57,948,NEW,
949,AMZN,BUY,MARKET,,55,949,NEW,
950,AAPL,SELL,MARKET,,14,950,NEW,
951,AAPL,BUY,MARKET,,4,951,NEW,
952,MSFT,SELL,MARKET,,32,952,NEW,
953,MSFT,BUY,MARKET,,67,953,NEW,
954,GOOGL,SELL,MARKET,,48,954,NEW,
955,GOOGL,SELL,MARKET,,10,955,NEW,
956,SPY,SELL,MARKET,,27,956,NEW,
957,MSFT,BUY,MARKET,,71,957,NEW,
958,AMZN,BUY,MARKET,,75,958,NEW,
959,MSFT,BUY,MARKET,,62,959,NEW,
960,AMZN,BUY,MARKET,,50,960,NEW,
961,TSLA,SELL,MARKET,,95,961,NEW,
962,NVDA,SELL,MARKET,,60,962,NEW,
963,TSLA,SELL,MARKET,,71,963,NEW,
964,SPY,BUY,MARKET,,412,964,NEW,
965,AAPL,BUY,MARKET,,38,965,NEW,
966,SPY,SELL,MARKET,,66,966,NEW,
967,AMZN,SELL,MARKET,,54,967,NEW,
968,AMZN,BUY,MARKET,,21,968,NEW,
969,NVDA,SELL,MARKET,,22,969,NEW,
970,MSFT,BUY,MARKET,,93,970,NEW,
971,AMZN,BUY,MARKET,,85,971,NEW,
972,NVDA,BUY,MARKET,,31,972,NEW,
973,SPY,SELL,MARKET,,28,973,NEW,
974,NVDA,BUY,MARKET,,14,974,NEW,
975,TSLA,SELL,LIMIT,415.25,7,975,NEW,
976,META,SELL,LIMIT,640.02,588,976,NEW,
977,AMZN,SELL,LIMIT,198.95,17,977,NEW,
978,GOOGL,SELL,LIMIT,305.81,81,978,NEW,
979,GOOGL,BUY,LIMIT,305.54,48,979,NEW,
980,AAPL,BUY,LIMIT,254.94,55,980,NEW,
981,AAPL,SELL,LIMIT,255.01,100,981,NEW,
982,NVDA,BUY,LIMIT,182.66,88,982,NEW,
983,MSFT,BUY,LIMIT,401.25,56,983,NEW,
984,MSFT,BUY,MARKET,,88,984,NEW,
985,TSLA,BUY,LIMIT,414.9,45,985,NEW,
986,SPY,SELL,LIMIT,682.24,45,986,NEW,
987,GOOGL,BUY,LIMIT,305.67,16,987,NEW,
988,SPY,SELL,MARKET,,82,988,NEW,
989,TSLA,SELL,MARKET,,67,989,NEW,
990,META,SELL,MARKET,,76,990,NEW,
991,GOOGL,SELL,MARKET,,96,991,NEW,
992,MSFT,SELL,MARKET,,86,992,NEW,
993,META,BUY,MARKET,,648,993,NEW,
994,META,BUY,MARKET,,40,994,NEW,
995,GOOGL,SELL,MARKET,,93,995,NEW,
996,MSFT,BUY,MARKET,,97,996,NEW,
997,NVDA,SELL,MARKET,,9,997,NEW,
998,MSFT,BUY,MARKET,,69,998,NEW,
999,META,BUY,MARKET,,26,999,NEW,
1000,GOOGL,SELL,MARKET,,85,1000,NEW,
1001,TSLA,SELL,MARKET,,65,1001,NEW,
1002,AMZN,BUY,MARKET,,99,1002,NEW,
1003,NVDA,SELL,MARKET,,96,1003,NEW,
1004,NVDA,BUY,MARKET,,62,1004,NEW,
1005,TSLA,BUY,MARKET,,66,1005,NEW,
1006,SPY,SELL,MARKET,,64,1006,NEW,
1007,AMZN,SELL,MARKET,,79,1007,NEW,
1008,MSFT,SELL,MARKET,,75,1008,NEW,
1009,NVDA,BUY,MARKET,,74,1009,NEW,
1010,MSFT,BUY,MARKET,,54,1010,NEW,
1011,MSFT,BUY,MARKET,,88,1011,NEW,
1012,GOOGL,SELL,MARKET,,79,1012,NEW,
1013,NVDA,SELL,MARKET,,43,1013,NEW,
1014,GOOGL,SELL,MARKET,,19,1014,NEW,
1015,MSFT,BUY,MARKET,,8,1015,NEW,
1016,TSLA,BUY,MARKET,,12,1016,NEW,
1017,GOOGL,BUY,MARKET,,30,1017,NEW,
1018,MSFT,BUY,LIMIT,401.47,18,1018,NEW,
1019,GOOGL,BUY,MARKET,,88,1019,NEW,
1020,AMZN,BUY,LIMIT,198.9,46,1020,NEW,
1021,META,BUY,LIMIT,639.99,90,1021,NEW,
1022,MSFT,BUY,MARKET,,82,1022,NEW,
1023,MSFT,BUY,LIMIT,401.6,17,1023,NEW,
1024,META,BUY,LIMIT,639.93,95,1024,NEW,
1025,GOOGL,BUY,LIMIT,306.2,48,1025,NEW,
1026,AAPL,BUY,LIMIT,254.95,2,1026,NEW,
1027,SPY,SELL,LIMIT,682.32,75,1027,NEW,
1028,META,BUY,LIMIT,639.66,80,1028,NEW,
1029,GOOGL,BUY,LIMIT,306.16,77,1029,NEW,
1030,AAPL,BUY,MARKET,,83,1030,NEW,
1031,GOOGL,BUY,LIMIT,306.29,5,1031,NEW,
1032,AAPL,SELL,MARKET,,21,1032,NEW,
1033,GOOGL,BUY,MARKET,,13,1033,NEW,
1034,TSLA,BUY,MARKET,,10,1034,NEW,
1035,MSFT,SELL,MARKET,,98,1035,NEW,
1036,NVDA,BUY,MARKET,,90,1036,NEW,
1037,AAPL,BUY,MARKET,,364,1037,NEW,
1038,TSLA,SELL,MARKET,,46,1038,NEW,
1039,GOOGL,SELL,MARKET,,321,1039,NEW,
1040,TSLA,BUY,MARKET,,36,1040,NEW,
1041,AAPL,SELL,MARKET,,262,1041,NEW,
1042,MSFT,SELL,MARKET,,61,1042,NEW,
1043,NVDA,BUY,MARKET,,29,1043,NEW,
1044,AAPL,SELL,MARKET,,4,1044,NEW,
1045,TSLA,BUY,MARKET,,16,1045,NEW,
1046,META,BUY,MARKET,,23,1046,NEW,
1047,NVDA,BUY,MARKET,,78,1047,NEW,
1048,TSLA,SELL,MARKET,,24,1048,NEW,
1049,NVDA,BUY,MARKET,,57,1049,NEW,
1050,AAPL,SELL,MARKET,,84,1050,NEW,
1051,MSFT,SELL,MARKET,,84,1051,NEW,
1052,NVDA,SELL,MARKET,,61,1052,NEW,
1053,AAPL,BUY,MARKET,,79,1053,NEW,
1054,AAPL,BUY,MARKET,,35,1054,NEW,
1055,MSFT,SELL,MARKET,,563,1055,NEW,
1056,GOOGL,SELL,MARKET,,16,1056,NEW,
1057,MSFT,BUY,MARKET,,53,1057,NEW,
1058,AMZN,BUY,MARKET,,95,1058,NEW,
1059,AAPL,BUY,MARKET,,590,1059,NEW,
1060,AMZN,SELL,MARKET,,47,1060,NEW,
1061,GOOGL,BUY,MARKET,,51,1061,NEW,
1062,MSFT,BUY,MARKET,,45,1062,NEW,
1063,MSFT,BUY,MARKET,,74,1063,NEW,
1064,AAPL,SELL,MARKET,,47,1064,NEW,
1065,SPY,BUY,MARKET,,781,1065,NEW,
1066,SPY,SELL,MARKET,,76,1066,NEW,
1067,SPY,BUY,MARKET,,87,1067,NEW,
1068,TSLA,SELL,MARKET,,88,1068,NEW,
1069,TSLA,SELL,MARKET,,28,1069,NEW,
1070,NVDA,BUY,MARKET,,90,1070,NEW,
1071,AAPL,BUY,MARKET,,37,1071,NEW,
1072,MSFT,BUY,MARKET,,38,1072,NEW,
1073,MSFT,BUY,MARKET,,39,1073,NEW,
1074,META,SELL,MARKET,,26,1074,NEW,
1075,TSLA,SELL,MARKET,,42,1075,NEW,
1076,AMZN,SELL,MARKET,,874,1076,NEW,
1077,META,SELL,LIMIT,640.14,76,1077,NEW,
1078,MSFT,SELL,LIMIT,401.65,57,1078,NEW,
1079,AAPL,BUY,MARKET,,38,1079,NEW,
1080,NVDA,BUY,LIMIT,182.52,21,1080,NEW,
1081,SPY,BUY,MARKET,,373,1081,NEW,
1082,GOOGL,BUY,MARKET,,9,1082,NEW,
1083,TSLA,SELL,LIMIT,414.73,18,1083,NEW,
1084,GOOGL,BUY,LIMIT,306.08,896,1084,NEW,
1085,AMZN,SELL,LIMIT,199.08,418,1085,NEW,
1086,NVDA,SELL,LIMIT,182.53,791,1086,NEW,
1087,MSFT,BUY,LIMIT,401.49,573,1087,NEW,
1088,MSFT,BUY,LIMIT,401.46,36,1088,NEW,
1089,META,BUY,LIMIT,639.79,93,1089,NEW,
1090,AMZN,BUY,MARKET,,100,1090,NEW,
1091,TSLA,SELL,LIMIT,414.54,23,1091,NEW,
1092,AMZN,SELL,LIMIT,199.05,71,1092,NEW,
1093,SPY,SELL,LIMIT,682.66,16,1093,NEW,
1094,TSLA,BUY,LIMIT,414.18,88,1094,NEW,
1095,META,BUY,LIMIT,639.9,100,1095,NEW,
1096,META,SELL,LIMIT,640.1,82,1096,NEW,
1097,GOOGL,BUY,LIMIT,306.08,18,1097,NEW,
1098,NVDA,SELL,LIMIT,182.49,79,1098,NEW,
1099,TSLA,SELL,MARKET,,49,1099,NEW,
1100,MSFT,SELL,LIMIT,401.54,49,1100,NEW,
1101,GOOGL,SELL,LIMIT,306.09,22,1101,NEW,
1102,NVDA,BUY,LIMIT,182.42,22,1102,NEW,
1103,MSFT,BUY,LIMIT,401.35,92,1103,NEW,
1104,AAPL,SELL,LIMIT,254.96,37,1104,NEW,
1105,GOOGL,BUY,LIMIT,306.07,98,1105,NEW,
1106,SPY,SELL,LIMIT,682.67,48,1106,NEW,
1107,NVDA,BUY,LIMIT,182.49,313,1107,NEW,
1108,MSFT,SELL,LIMIT,401.6,15,1108,NEW,
1109,TSLA,SELL,LIMIT,414.27,90,1109,NEW,
1110,AAPL,BUY,LIMIT,254.89,9,1110,NEW,
1111,AMZN,SELL,LIMIT,199.04,71,1111,NEW,
1112,META,BUY,LIMIT,639.93,7,1112,NEW,
1113,GOOGL,SELL,MARKET,,35,1113,NEW,
1114,AMZN,SELL,LIMIT,199.09,7,1114,NEW,
1115,TSLA,SELL,LIMIT,414.35,66,1115,NEW,
1116,AMZN,BUY,LIMIT,198.9,23,1116,NEW,
1117,AMZN,BUY,LIMIT,198.87,23,1117,NEW,
1118,GOOGL,SELL,LIMIT,306.18,561,1118,NEW,
1119,MSFT,BUY,LIMIT,401.48,89,1119,NEW,
1120,GOOGL,SELL,LIMIT,306.3,94,1120,NEW,
1121,GOOGL,SELL,MARKET,,33,1121,NEW,
1122,MSFT,SELL,MARKET,,57,1122,NEW,
1123,SPY,SELL,MARKET,,376,1123,NEW,
1124,AMZN,BUY,MARKET,,92,1124,NEW,
1125,AMZN,SELL,MARKET,,81,1125,NEW,
1126,AAPL,SELL,MARKET,,9,1126,NEW,
1127,GOOGL,BUY,MARKET,,22,1127,NEW,
1128,NVDA,BUY,MARKET,,49,1128,NEW,
1129,MSFT,BUY,MARKET,,20,1129,NEW,
1130,AAPL,SELL,MARKET,,15,1130,NEW,
1131,MSFT,SELL,MARKET,,83,1131,NEW,
1132,NVDA,BUY,MARKET,,86,1132,NEW,
1133,SPY,SELL,MARKET,,89,1133,NEW,
1134,META,SELL,MARKET,,23,1134,NEW,
1135,SPY,BUY,MARKET,,50,1135,NEW,
1136,MSFT,BUY,MARKET,,354,1136,NEW,
1137,MSFT,BUY,MARKET,,48,1137,NEW,
1138,AAPL,SELL,MARKET,,75,1138,NEW,
1139,SPY,BUY,MARKET,,74,1139,NEW,
1140,AAPL,BUY,MARKET,,34,1140,NEW,
1141,AAPL,BUY,MARKET,,9,1141,NEW,
1142,META,SELL,MARKET,,85,1142,NEW,
1143,MSFT,SELL,MARKET,,73,1143,NEW,
1144,TSLA,SELL,MARKET,,51,1144,NEW,
1145,NVDA,SELL,MARKET,,6,1145,NEW,
1146,META,BUY,MARKET,,80,1146,NEW,
1147,SPY,SELL,MARKET,,2,1147,NEW,
1148,GOOGL,SELL,MARKET,,88,1148,NEW,
1149,TSLA,BUY,MARKET,,32,1149,NEW,
1150,AMZN,BUY,MARKET,,4,1150,NEW,
1151,SPY,SELL,MARKET,,70,1151,NEW,
1152,AMZN,BUY,MARKET,,16,1152,NEW,
1153,META,BUY,MARKET,,39,1153,NEW,
1154,AAPL,SELL,MARKET,,51,1154,NEW,
1155,AAPL,BUY,MARKET,,88,1155,NEW,
1156,AAPL,BUY,MARKET,,328,1156,NEW,
1157,SPY,SELL,LIMIT,682.61,9,1157,NEW,
1158,GOOGL,SELL,LIMIT,306.36,20,1158,NEW,
1159,AAPL,SELL,MARKET,,7,1159,NEW,
1160,NVDA,BUY,MARKET,,93,1160,NEW,
1161,AAPL,SELL,MARKET,,98,1161,NEW,
1162,MSFT,SELL,MARKET,,77,1162,NEW,
1163,NVDA,BUY,MARKET,,12,1163,NEW,
1164,SPY,SELL,MARKET,,65,1164,NEW,
1165,MSFT,BUY,MARKET,,73,1165,NEW,
1166,AMZN,SELL,MARKET,,35,1166,NEW,
1167,AAPL,SELL,MARKET,,47,1167,NEW,
1168,SPY,SELL,MARKET,,98,1168,NEW,
1169,AAPL,SELL,MARKET,,94,1169,NEW,
1170,AMZN,SELL,MARKET,,7,1170,NEW,
1171,GOOGL,BUY,MARKET,,5,1171,NEW,
1172,SPY,SELL,MARKET,,55,1172,NEW,
1173,GOOGL,BUY,MARKET,,49,1173,NEW,
1174,META,BUY,MARKET,,39,1174,NEW,
1175,SPY,BUY,MARKET,,93,1175,NEW,
1176,NVDA,BUY,MARKET,,9,1176,NEW,
1177,MSFT,SELL,MARKET,,26,1177,NEW,
1178,GOOGL,BUY,MARKET,,54,1178,NEW,
1179,NVDA,SELL,MARKET,,79,1179,NEW,
1180,AMZN,BUY,MARKET,,853,1180,NEW,
1181,TSLA,BUY,MARKET,,29,1181,NEW,
1182,AMZN,SELL,MARKET,,95,1182,NEW,
1183,AAPL,BUY,MARKET,,2,1183,NEW,
1184,META,BUY,MARKET,,21,1184,NEW,
1185,AMZN,SELL,MARKET,,543,1185,NEW,
1186,NVDA,BUY,MARKET,,400,1186,NEW,
1187,AMZN,SELL,MARKET,,72,1187,NEW,
1188,MSFT,SELL,MARKET,,90,1188,NEW,
1189,TSLA,BUY,MARKET,,63,1189,NEW,
1190,AMZN,SELL,MARKET,,28,1190,NEW,
1191,AAPL,SELL,MARKET,,91,1191,NEW,
1192,NVDA,SELL,MARKET,,83,1192,NEW,
1193,META,BUY,MARKET,,4,1193,NEW,
1194,SPY,SELL,MARKET,,33,1194,NEW,
1195,TSLA,SELL,MARKET,,63,1195,NEW,
1196,AMZN,SELL,MARKET,,57,1196,NEW,
1197,META,SELL,MARKET,,52,1197,NEW,
1198,META,BUY,MARKET,,27,1198,NEW,
1199,GOOGL,SELL,MARKET,,62,1199,NEW,
1200,MSFT,BUY,MARKET,,17,1200,NEW,
1201,GOOGL,SELL,MARKET,,932,1201,NEW,
1202,SPY,SELL,MARKET,,86,1202,NEW,
1203,AMZN,SELL,MARKET,,21,1203,NEW,
1204,AMZN,BUY,MARKET,,28,1204,NEW,
1205,TSLA,BUY,MARKET,,3,1205,NEW,
1206,NVDA,BUY,MARKET,,29,1206,NEW,
1207,SPY,SELL,MARKET,,414,1207,NEW,
1208,NVDA,BUY,MARKET,,74,1208,NEW,
1209,NVDA,SELL,MARKET,,75,1209,NEW,
1210,TSLA,SELL,MARKET,,99,1210,NEW,
1211,TSLA,SELL,MARKET,,39,1211,NEW,
1212,NVDA,BUY,MARKET,,32,1212,NEW,
1213,AAPL,SELL,MARKET,,97,1213,NEW,
1214,TSLA,SELL,MARKET,,32,1214,NEW,
1215,META,BUY,MARKET,,49,1215,NEW,
1216,AAPL,SELL,MARKET,,85,1216,NEW,
1217,MSFT,SELL,MARKET,,989,1217,NEW,
1218,META,BUY,MARKET,,25,1218,NEW,
1219,SPY,BUY,MARKET,,31,1219,NEW,
1220,NVDA,SELL,MARKET,,86,1220,NEW,
1221,TSLA,BUY,MARKET,,58,1221,NEW,
1222,AMZN,SELL,MARKET,,33,1222,NEW,
1223,NVDA,SELL,MARKET,,10,1223,NEW,
1224,GOOGL,BUY,MARKET,,79,1224,NEW,
1225,NVDA,BUY,MARKET,,28,1225,NEW,
1226,AAPL,BUY,MARKET,,9,1226,NEW,
1227,NVDA,SELL,MARKET,,8,1227,NEW,
1228,SPY,SELL,MARKET,,97,1228,NEW,
1229,AAPL,BUY,MARKET,,3,1229,NEW,
1230,AAPL,SELL,MARKET,,59,1230,NEW,
1231,NVDA,SELL,MARKET,,37,1231,NEW,
1232,AAPL,BUY,MARKET,,44,1232,NEW,
1233,MSFT,BUY,MARKET,,22,1233,NEW,
1234,AAPL,SELL,MARKET,,41,1234,NEW,
1235,MSFT,BUY,MARKET,,85,1235,NEW,
1236,MSFT,SELL,MARKET,,39,1236,NEW,
1237,TSLA,BUY,MARKET,,4,1237,NEW,
1238,AAPL,SELL,MARKET,,92,1238,NEW,
1239,AMZN,SELL,MARKET,,29,1239,NEW,
1240,TSLA,SELL,MARKET,,82,1240,NEW,
1241,TSLA,SELL,MARKET,,16,1241,NEW,
1242,MSFT,BUY,LIMIT,401.53,35,1242,NEW,
1243,GOOGL,SELL,MARKET,,51,1243,NEW,
1244,TSLA,BUY,LIMIT,414.43,21,1244,NEW,
1245,AMZN,SELL,MARKET,,94,1245,NEW,
1246,AAPL,SELL,LIMIT,254.76,33,1246,NEW,
1247,NVDA,BUY,LIMIT,182.64,518,1247,NEW,
1248,AMZN,SELL,LIMIT,198.62,71,1248,NEW,
1249,GOOGL,SELL,MARKET,,21,1249,NEW,
1250,NVDA,SELL,MARKET,,314,1250,NEW,
1251,GOOGL,SELL,MARKET,,498,1251,NEW,
1252,GOOGL,SELL,MARKET,,47,1252,NEW,
1253,AMZN,SELL,MARKET,,201,1253,NEW,
1254,META,BUY,MARKET,,95,1254,NEW,
1255,AAPL,BUY,MARKET,,16,1255,NEW,
1256,MSFT,SELL,MARKET,,67,1256,NEW,
1257,META,BUY,MARKET,,2,1257,NEW,
1258,META,BUY,MARKET,,10,1258,NEW,
1259,SPY,BUY,MARKET,,10,1259,NEW,
1260,GOOGL,SELL,MARKET,,66,1260,NEW,
1261,AAPL,BUY,MARKET,,24,1261,NEW,
1262,NVDA,SELL,MARKET,,60,1262,NEW,
1263,MSFT,BUY,MARKET,,2,1263,NEW,
1264,GOOGL,SELL,MARKET,,46,1264,NEW,
1265,NVDA,SELL,MARKET,,43,1265,NEW,
1266,MSFT,SELL,MARKET,,77,1266,NEW,
1267,TSLA,SELL,MARKET,,34,1267,NEW,
1268,AAPL,SELL,MARKET,,92,1268,NEW,
1269,AMZN,BUY,MARKET,,6,1269,NEW,
1270,AAPL,BUY,MARKET,,89,1270,NEW,
1271,NVDA,SELL,MARKET,,36,1271,NEW,
1272,AAPL,BUY,MARKET,,18,1272,NEW,
1273,TSLA,BUY,MARKET,,24,1273,NEW,
1274,MSFT,BUY,MARKET,,67,1274,NEW,
1275,NVDA,SELL,MARKET,,5,1275,NEW,
1276,META,SELL,MARKET,,4,1276,NEW,
1277,MSFT,SELL,MARKET,,4,1277,NEW,
1278,MSFT,SELL,MARKET,,61,1278,NEW,
1279,GOOGL,SELL,MARKET,,558,1279,NEW,
1280,TSLA,BUY,MARKET,,85,1280,NEW,
1281,NVDA,SELL,MARKET,,319,1281,NEW,
1282,GOOGL,BUY,LIMIT,306.07,54,1282,NEW,
1283,MSFT,BUY,LIMIT,401.62,89,1283,NEW,
1284,MSFT,SELL,LIMIT,401.77,20,1284,NEW,
1285,META,BUY,LIMIT,640.61,86,1285,NEW,
1286,TSLA,SELL,LIMIT,414.61,65,1286,NEW,
1287,META,BUY,LIMIT,640.66,24,1287,NEW,
1288,AAPL,SELL,LIMIT,254.85,46,1288,NEW,
1289,AAPL,BUY,LIMIT,254.71,21,1289,NEW,
1290,GOOGL,SELL,LIMIT,306.18,482,1290,NEW,
1291,AMZN,SELL,MARKET,,86,1291,NEW,
1292,MSFT,BUY,MARKET,,835,1292,NEW,
1293,META,BUY,LIMIT,640.77,63,1293,NEW,
1294,MSFT,SELL,LIMIT,401.93,5,1294,NEW,
1295,META,BUY,LIMIT,640.71,73,1295,NEW,
1296,META,BUY,LIMIT,640.64,67,1296,NEW,
1297,META,BUY,LIMIT,640.76,85,1297,NEW,
1298,AAPL,SELL,LIMIT,254.74,58,1298,NEW,
1299,MSFT,BUY,LIMIT,401.79,26,1299,NEW,
1300,AAPL,SELL,LIMIT,254.69,514,1300,NEW,
1301,TSLA,SELL,LIMIT,414.56,748,1301,NEW,
1302,TSLA,SELL,MARKET,,88,1302,NEW,
1303,NVDA,BUY,LIMIT,182.78,1,1303,NEW,
1304,NVDA,BUY,LIMIT,182.84,50,1304,NEW,
1305,AAPL,BUY,MARKET,,44,1305,NEW,
1306,AMZN,BUY,MARKET,,49,1306,NEW,
1307,GOOGL,BUY,MARKET,,63,1307,NEW,
1308,META,BUY,MARKET,,45,1308,NEW,
1309,AMZN,SELL,MARKET,,17,1309,NEW,
1310,GOOGL,SELL,MARKET,,33,1310,NEW,
1311,NVDA,SELL,MARKET,,80,1311,NEW,
1312,NVDA,BUY,MARKET,,100,1312,NEW,
1313,AMZN,BUY,MARKET,,69,1313,NEW,
1314,MSFT,BUY,MARKET,,36,1314,NEW,
1315,AAPL,BUY,MARKET,,465,1315,NEW,
1316,TSLA,SELL,MARKET,,40,1316,NEW,
1317,NVDA,SELL,MARKET,,25,1317,NEW,
1318,AAPL,SELL,MARKET,,570,1318,NEW,
1319,AMZN,SELL,MARKET,,44,1319,NEW,
1320,MSFT,BUY,MARKET,,47,1320,NEW,
1321,AMZN,SELL,MARKET,,10,1321,NEW,
1322,SPY,BUY,MARKET,,354,1322,NEW,
1323,NVDA,BUY,MARKET,,91,1323,NEW,
1324,META,BUY,MARKET,,27,1324,NEW,
1325,AMZN,SELL,MARKET,,60,1325,NEW,
1326,NVDA,SELL,MARKET,,97,1326,NEW,
1327,TSLA,SELL,MARKET,,12,1327,NEW,
1328,NVDA,BUY,MARKET,,9,1328,NEW,
1329,META,BUY,MARKET,,88,1329,NEW,
1330,AAPL,SELL,MARKET,,75,1330,NEW,
1331,NVDA,SELL,MARKET,,36,1331,NEW,
1332,TSLA,BUY,MARKET,,31,1332,NEW,
1333,SPY,SELL,MARKET,,92,1333,NEW,
1334,NVDA,SELL,MARKET,,96,1334,NEW,
1335,TSLA,BUY,MARKET,,17,1335,NEW,
1336,SPY,SELL,MARKET,,65,1336,NEW,
1337,SPY,BUY,MARKET,,69,1337,NEW,
1338,GOOGL,BUY,MARKET,,52,1338,NEW,
1339,TSLA,BUY,MARKET,,14,1339,NEW,
1340,NVDA,SELL,MARKET,,58,1340,NEW,
1341,NVDA,BUY,MARKET,,752,1341,NEW,
1342,MSFT,SELL,MARKET,,60,1342,NEW,
1343,SPY,BUY,MARKET,,6,1343,NEW,
1344,TSLA,BUY,MARKET,,4,1344,NEW,
1345,META,BUY,MARKET,,14,1345,NEW,
1346,NVDA,SELL,MARKET,,47,1346,NEW,
1347,META,SELL,MARKET,,23,1347,NEW,
1348,MSFT,SELL,MARKET,,70,1348,NEW,
1349,META,SELL,MARKET,,88,1349,NEW,
1350,NVDA,BUY,MARKET,,76,1350,NEW,
1351,META,SELL,MARKET,,18,1351,NEW,
1352,TSLA,BUY,MARKET,,59,1352,NEW,
1353,NVDA,BUY,MARKET,,11,1353,NEW,
1354,TSLA,BUY,MARKET,,52,1354,NEW,
1355,AAPL,SELL,MARKET,,46,1355,NEW,
1356,AAPL,SELL,MARKET,,83,1356,NEW,
1357,SPY,BUY,MARKET,,92,1357,NEW,
1358,AAPL,BUY,MARKET,,29,1358,NEW,
1359,AMZN,BUY,MARKET,,69,1359,NEW,
1360,MSFT,BUY,MARKET,,86,1360,NEW,
1361,SPY,SELL,MARKET,,967,1361,NEW,
1362,MSFT,BUY,MARKET,,25,1362,NEW,
1363,NVDA,BUY,MARKET,,45,1363,NEW,
1364,SPY,SELL,MARKET,,71,1364,NEW,
1365,AAPL,SELL,MARKET,,85,1365,NEW,
1366,AAPL,BUY,MARKET,,4,1366,NEW,
1367,META,SELL,MARKET,,39,1367,NEW,
1368,SPY,SELL,MARKET,,10,1368,NEW,
1369,MSFT,BUY,MARKET,,73,1369,NEW,
1370,SPY,SELL,MARKET,,50,1370,NEW,
1371,MSFT,BUY,MARKET,,558,1371,NEW,
1372,MSFT,BUY,MARKET,,15,1372,NEW,
1373,GOOGL,SELL,MARKET,,44,1373,NEW,
1374,AAPL,BUY,MARKET,,23,1374,NEW,
1375,AMZN,BUY,MARKET,,45,1375,NEW,
1376,SPY,SELL,MARKET,,65,1376,NEW,
1377,SPY,SELL,MARKET,,10,1377,NEW,
1378,SPY,BUY,MARKET,,59,1378,NEW,
1379,GOOGL,SELL,MARKET,,45,1379,NEW,
1380,GOOGL,SELL,MARKET,,80,1380,NEW,
1381,SPY,BUY,MARKET,,74,1381,NEW,
1382,NVDA,SELL,MARKET,,22,1382,NEW,
1383,NVDA,SELL,MARKET,,77,1383,NEW,
1384,AAPL,BUY,MARKET,,445,1384,NEW,
1385,MSFT,SELL,MARKET,,13,1385,NEW,
1386,MSFT,SELL,MARKET,,40,1386,NEW,
1387,SPY,BUY,MARKET,,55,1387,NEW,
1388,TSLA,BUY,MARKET,,12,1388,NEW,
1389,AMZN,BUY,MARKET,,609,1389,NEW,
1390,NVDA,BUY,MARKET,,3,1390,NEW,
1391,SPY,SELL,MARKET,,12,1391,NEW,
1392,META,SELL,MARKET,,83,1392,NEW,
1393,AAPL,BUY,MARKET,,54,1393,NEW,
1394,NVDA,SELL,MARKET,,88,1394,NEW,
1395,TSLA,SELL,MARKET,,5,1395,NEW,
1396,AAPL,SELL,MARKET,,79,1396,NEW,
1397,TSLA,BUY,MARKET,,72,1397,NEW,
1398,META,SELL,MARKET,,48,1398,NEW,
1399,TSLA,BUY,MARKET,,88,1399,NEW,
1400,AAPL,BUY,MARKET,,44,1400,NEW,
1401,META,BUY,MARKET,,79,1401,NEW,
1402,MSFT,BUY,MARKET,,82,1402,NEW,
1403,NVDA,SELL,MARKET,,17,1403,NEW,
1404,TSLA,SELL,MARKET,,8,1404,NEW,
1405,NVDA,SELL,MARKET,,2,1405,NEW,
1406,SPY,SELL,MARKET,,90,1406,NEW,
1407,MSFT,SELL,MARKET,,423,1407,NEW,
1408,GOOGL,BUY,MARKET,,39,1408,NEW,
1409,AAPL,SELL,MARKET,,67,1409,NEW,
1410,AMZN,BUY,MARKET,,60,1410,NEW,
1411,SPY,SELL,MARKET,,446,1411,NEW,
1412,MSFT,BUY,MARKET,,37,1412,NEW,
1413,AMZN,SELL,MARKET,,46,1413,NEW,
1414,GOOGL,SELL,MARKET,,28,1414,NEW,
1415,AMZN,BUY,MARKET,,48,1415,NEW,
1416,SPY,SELL,MARKET,,70,1416,NEW,
1417,AAPL,BUY,LIMIT,254.42,96,1417,NEW,
1418,SPY,SELL,LIMIT,682.32,56,1418,NEW,
1419,AMZN,SELL,LIMIT,198.65,89,1419,NEW,
1420,GOOGL,SELL,MARKET,,97,1420,NEW,
1421,SPY,BUY,LIMIT,682.08,36,1421,NEW,
1422,SPY,SELL,LIMIT,682.49,91,1422,NEW,
1423,META,SELL,LIMIT,641.31,78,1423,NEW,
1424,GOOGL,SELL,LIMIT,306.05,8,1424,NEW,
1425,TSLA,SELL,MARKET,,22,1425,NEW,
1426,GOOGL,SELL,LIMIT,305.97,90,1426,NEW,
1427,TSLA,BUY,LIMIT,415.12,343,1427,NEW,
1428,MSFT,SELL,MARKET,,94,1428,NEW,
1429,AMZN,SELL,LIMIT,198.62,16,1429,NEW,
1430,SPY,BUY,LIMIT,681.9,268,1430,NEW,
1431,MSFT,SELL,LIMIT,401.33,100,1431,NEW,
1432,AAPL,SELL,LIMIT,254.43,43,1432,NEW,
1433,SPY,SELL,LIMIT,682.17,80,1433,NEW,
1434,NVDA,BUY,LIMIT,182.86,882,1434,NEW,
1435,TSLA,BUY,LIMIT,415.35,63,1435,NEW,
1436,AMZN,BUY,LIMIT,198.62,96,1436,NEW,
1437,SPY,SELL,LIMIT,682.2,41,1437,NEW,
1438,GOOGL,SELL,LIMIT,306.03,49,1438,NEW,
1439,META,BUY,LIMIT,641.28,6,1439,NEW,
1440,AMZN,SELL,LIMIT,198.7,14,1440,NEW,
1441,META,BUY,LIMIT,641.52,78,1441,NEW,
1442,NVDA,SELL,LIMIT,182.98,42,1442,NEW,
1443,TSLA,SELL,LIMIT,415.4,66,1443,NEW,
1444,MSFT,SELL,MARKET,,85,1444,NEW,
1445,TSLA,SELL,MARKET,,27,1445,NEW,
1446,AAPL,BUY,MARKET,,7,1446,NEW,
1447,AAPL,SELL,MARKET,,7,1447,NEW,
1448,TSLA,SELL,MARKET,,80,1448,NEW,
1449,NVDA,BUY,MARKET,,14,1449,NEW,
1450,AAPL,SELL,MARKET,,23,1450,NEW,
1451,SPY,BUY,MARKET,,41,1451,NEW,
1452,AMZN,BUY,MARKET,,86,1452,NEW,
1453,NVDA,SELL,MARKET,,92,1453,NEW,
1454,GOOGL,SELL,MARKET,,87,1454,NEW,
1455,META,BUY,MARKET,,73,1455,NEW,
1456,META,SELL,MARKET,,46,1456,NEW,
1457,NVDA,BUY,MARKET,,50,1457,NEW,
1458,GOOGL,BUY,MARKET,,99,1458,NEW,
1459,AMZN,SELL,MARKET,,58,1459,NEW,
1460,SPY,BUY,MARKET,,15,1460,NEW,
1461,AAPL,SELL,MARKET,,16,1461,NEW,
1462,AMZN,SELL,MARKET,,535,1462,NEW,
1463,TSLA,SELL,MARKET,,52,1463,NEW,
1464,AAPL,SELL,MARKET,,54,1464,NEW,
1465,AMZN,SELL,MARKET,,13,1465,NEW,
1466,SPY,BUY,MARKET,,56,1466,NEW,
1467,NVDA,SELL,MARKET,,653,1467,NEW,
1468,MSFT,SELL,MARKET,,98,1468,NEW,
1469,AMZN,SELL,MARKET,,949,1469,NEW,
1470,TSLA,BUY,MARKET,,62,1470,NEW,
1471,META,BUY,MARKET,,8,1471,NEW,
1472,AMZN,BUY,MARKET,,60,1472,NEW,
1473,MSFT,BUY,MARKET,,216,1473,NEW,
1474,TSLA,SELL,MARKET,,2,1474,NEW,
1475,AAPL,SELL,MARKET,,24,1475,NEW,
1476,AMZN,BUY,MARKET,,16,1476,NEW,
1477,AAPL,SELL,MARKET,,75,1477,NEW,
1478,AAPL,BUY,MARKET,,99,1478,NEW,
1479,GOOGL,SELL,MARKET,,927,1479,NEW,
1480,SPY,BUY,MARKET,,15,1480,NEW,
1481,NVDA,BUY,MARKET,,82,1481,NEW,
1482,AMZN,SELL,MARKET,,35,1482,NEW,
1483,AAPL,SELL,MARKET,,35,1483,NEW,
1484,AAPL,BUY,MARKET,,86,1484,NEW,
1485,GOOGL,BUY,MARKET,,36,1485,NEW,
1486,AAPL,BUY,MARKET,,768,1486,NEW,
1487,MSFT,BUY,MARKET,,93,1487,NEW,
1488,AMZN,SELL,MARKET,,69,1488,NEW,
1489,NVDA,BUY,MARKET,,62,1489,NEW,
1490,GOOGL,SELL,MARKET,,1,1490,NEW,
1491,MSFT,BUY,MARKET,,20,1491,NEW,
1492,TSLA,BUY,MARKET,,93,1492,NEW,
1493,AMZN,BUY,MARKET,,32,1493,NEW,
1494,AAPL,BUY,MARKET,,2,1494,NEW,
1495,AAPL,SELL,MARKET,,86,1495,NEW,
1496,GOOGL,BUY,MARKET,,43,1496,NEW,
1497,GOOGL,SELL,MARKET,,91,1497,NEW,
1498,META,BUY,MARKET,,77,1498,NEW,
1499,TSLA,SELL,MARKET,,25,1499,NEW,
1500,AAPL,BUY,MARKET,,74,1500,NEW,
1501,META,BUY,MARKET,,68,1501,NEW,
1502,NVDA,SELL,MARKET,,16,1502,NEW,
1503,META,BUY,MARKET,,39,1503,NEW,
1504,AMZN,SELL,MARKET,,825,1504,NEW,
1505,AAPL,SELL,MARKET,,47,1505,NEW,
1506,NVDA,BUY,MARKET,,30,1506,NEW,
1507,NVDA,BUY,MARKET,,39,1507,NEW,
1508,AMZN,BUY,MARKET,,719,1508,NEW,
1509,NVDA,BUY,MARKET,,77,1509,NEW,
1510,TSLA,BUY,MARKET,,94,1510,NEW,
1511,NVDA,SELL,MARKET,,39,1511,NEW,
1512,AAPL,SELL,MARKET,,32,1512,NEW,
1513,AAPL,BUY,MARKET,,14,1513,NEW,
1514,AAPL,SELL,MARKET,,38,1514,NEW,
1515,MSFT,SELL,MARKET,,29,1515,NEW,
1516,AAPL,SELL,MARKET,,42,1516,NEW,
1517,MSFT,BUY,MARKET,,10,1517,NEW,
1518,SPY,SELL,MARKET,,80,1518,NEW,
1519,AAPL,BUY,MARKET,,84,1519,NEW,
1520,META,SELL,MARKET,,87,1520,NEW,
1521,NVDA,SELL,MARKET,,51,1521,NEW,
1522,MSFT,BUY,MARKET,,58,1522,NEW,
1523,META,BUY,MARKET,,9,1523,NEW,
1524,AMZN,BUY,MARKET,,14,1524,NEW,
1525,META,BUY,MARKET,,9,1525,NEW,
1526,TSLA,BUY,MARKET,,81,1526,NEW,
1527,AMZN,BUY,MARKET,,613,1527,NEW,
1528,META,BUY,MARKET,,71,1528,NEW,
1529,NVDA,BUY,MARKET,,270,1529,NEW,
1530,MSFT,SELL,MARKET,,100,1530,NEW,
1531,NVDA,BUY,MARKET,,43,1531,NEW,
1532,GOOGL,BUY,MARKET,,756,1532,NEW,
1533,AMZN,SELL,LIMIT,198.81,870,1533,NEW,
1534,AAPL,SELL,MARKET,,74,1534,NEW,
1535,AAPL,BUY,MARKET,,95,1535,NEW,
1536,NVDA,SELL,LIMIT,183.09,60,1536,NEW,
1537,TSLA,SELL,LIMIT,416.03,2,1537,NEW,
1538,NVDA,BUY,LIMIT,183,8,1538,NEW,
1539,NVDA,SELL,MARKET,,62,1539,NEW,
1540,AAPL,BUY,LIMIT,254.83,77,1540,NEW,
1541,SPY,SELL,LIMIT,682.22,60,1541,NEW,
1542,AAPL,BUY,LIMIT,254.82,303,1542,NEW,
1543,AMZN,SELL,LIMIT,198.83,211,1543,NEW,
1544,SPY,SELL,LIMIT,682.11,56,1544,NEW,
1545,AAPL,BUY,LIMIT,254.84,68,1545,NEW,
1546,META,SELL,LIMIT,641.23,88,1546,NEW,
1547,SPY,SELL,LIMIT,682.26,8,1547,NEW,
1548,MSFT,BUY,LIMIT,401.54,31,1548,NEW,
1549,AMZN,SELL,LIMIT,198.83,14,1549,NEW,
1550,GOOGL,BUY,LIMIT,305.87,5,1550,NEW,
1551,AAPL,BUY,LIMIT,254.8,620,1551,NEW,
1552,AMZN,SELL,LIMIT,198.78,97,1552,NEW,
1553,AAPL,BUY,LIMIT,254.81,85,1553,NEW,
1554,META,BUY,LIMIT,640.65,789,1554,NEW,
1555,META,SELL,MARKET,,13,1555,NEW,
1556,TSLA,SELL,LIMIT,416.13,53,1556,NEW,
1557,AMZN,BUY,LIMIT,198.77,61,1557,NEW,
1558,TSLA,SELL,MARKET,,48,1558,NEW,
1559,AAPL,BUY,MARKET,,49,1559,NEW,
1560,NVDA,SELL,MARKET,,700,1560,NEW,
1561,SPY,BUY,MARKET,,70,1561,NEW,
1562,NVDA,BUY,MARKET,,83,1562,NEW,
1563,GOOGL,BUY,MARKET,,70,1563,NEW,
1564,TSLA,SELL,MARKET,,95,1564,NEW,
1565,NVDA,BUY,MARKET,,761,1565,NEW,
1566,MSFT,BUY,MARKET,,32,1566,NEW,
1567,NVDA,SELL,MARKET,,20,1567,NEW,
1568,SPY,BUY,MARKET,,22,1568,NEW,
1569,TSLA,SELL,MARKET,,5,1569,NEW,
1570,SPY,SELL,MARKET,,100,1570,NEW,
1571,META,SELL,MARKET,,85,1571,NEW,
1572,AMZN,SELL,MARKET,,6,1572,NEW,
1573,NVDA,BUY,MARKET,,8,1573,NEW,
1574,AAPL,SELL,MARKET,,78,1574,NEW,
1575,MSFT,SELL,MARKET,,52,1575,NEW,
1576,MSFT,BUY,MARKET,,62,1576,NEW,
1577,MSFT,SELL,MARKET,,75,1577,NEW,
1578,TSLA,SELL,MARKET,,80,1578,NEW,
1579,AMZN,BUY,MARKET,,55,1579,NEW,
1580,TSLA,BUY,MARKET,,4,1580,NEW,
1581,AAPL,SELL,MARKET,,84,1581,NEW,
1582,AAPL,SELL,MARKET,,100,1582,NEW,
1583,SPY,BUY,MARKET,,50,1583,NEW,
1584,AAPL,SELL,MARKET,,5,1584,NEW,
1585,NVDA,BUY,MARKET,,100,1585,NEW,
1586,TSLA,BUY,MARKET,,94,1586,NEW,
1587,AAPL,SELL,MARKET,,93,1587,NEW,
1588,TSLA,SELL,MARKET,,81,1588,NEW,
1589,AAPL,BUY,MARKET,,20,1589,NEW,
1590,SPY,BUY,MARKET,,445,1590,NEW,
1591,TSLA,BUY,MARKET,,21,1591,NEW,
1592,AMZN,SELL,MARKET,,53,1592,NEW,
1593,TSLA,BUY,MARKET,,72,1593,NEW,
1594,GOOGL,BUY,MARKET,,899,1594,NEW,
1595,MSFT,BUY,MARKET,,99,1595,NEW,
1596,TSLA,SELL,MARKET,,3,1596,NEW,
1597,MSFT,SELL,MARKET,,358,1597,NEW,
1598,AAPL,BUY,MARKET,,69,1598,NEW,
1599,SPY,BUY,MARKET,,19,1599,NEW,
1600,MSFT,BUY,MARKET,,47,1600,NEW,
1601,MSFT,SELL,MARKET,,85,1601,NEW,
1602,AMZN,BUY,MARKET,,43,1602,NEW,
1603,TSLA,BUY,MARKET,,59,1603,NEW,
1604,META,SELL,MARKET,,93,1604,NEW,
1605,TSLA,BUY,MARKET,,32,1605,NEW,
1606,MSFT,SELL,MARKET,,23,1606,NEW,
1607,TSLA,BUY,MARKET,,65,1607,NEW,
1608,MSFT,BUY,MARKET,,100,1608,NEW,
1609,META,SELL,MARKET,,2,1609,NEW,
1610,META,BUY,MARKET,,47,1610,NEW,
1611,TSLA,SELL,MARKET,,11,1611,NEW,
1612,AMZN,SELL,MARKET,,576,1612,NEW,
1613,META,SELL,MARKET,,96,1613,NEW,
1614,NVDA,SELL,MARKET,,428,1614,NEW,
1615,TSLA,SELL,MARKET,,4,1615,NEW,
1616,AMZN,BUY,MARKET,,26,1616,NEW,
1617,MSFT,BUY,MARKET,,31,1617,NEW,
1618,META,BUY,MARKET,,66,1618,NEW,
1619,META,BUY,MARKET,,8,1619,NEW,
1620,AAPL,SELL,MARKET,,6,1620,NEW,
1621,GOOGL,BUY,MARKET,,93,1621,NEW,
1622,META,SELL,MARKET,,60,1622,NEW,
1623,MSFT,BUY,MARKET,,100,1623,NEW,
1624,GOOGL,BUY,MARKET,,93,1624,NEW,
1625,MSFT,BUY,MARKET,,63,1625,NEW,
1626,NVDA,BUY,MARKET,,75,1626,NEW,
1627,GOOGL,BUY,MARKET,,62,1627,NEW,
1628,TSLA,SELL,MARKET,,48,1628,NEW,
1629,AAPL,BUY,MARKET,,82,1629,NEW,
1630,SPY,SELL,MARKET,,63,1630,NEW,
1631,SPY,SELL,MARKET,,81,1631,NEW,
1632,NVDA,SELL,MARKET,,50,1632,NEW,
1633,META,BUY,MARKET,,65,1633,NEW,
1634,AMZN,SELL,MARKET,,25,1634,NEW,
1635,GOOGL,BUY,MARKET,,49,1635,NEW,
1636,GOOGL,BUY,MARKET,,41,1636,NEW,
1637,MSFT,BUY,MARKET,,10,1637,NEW,
1638,AMZN,SELL,MARKET,,100,1638,NEW,
1639,META,SELL,MARKET,,49,1639,NEW,
1640,NVDA,SELL,MARKET,,35,1640,NEW,
1641,NVDA,SELL,LIMIT,182.54,39,1641,NEW,
1642,SPY,SELL,LIMIT,682.93,16,1642,NEW,
1643,AMZN,SELL,LIMIT,198.62,26,1643,NEW,
1644,SPY,BUY,LIMIT,682.87,3,1644,NEW,
1645,NVDA,SELL,LIMIT,182.55,69,1645,NEW,
1646,TSLA,SELL,MARKET,,20,1646,NEW,
1647,MSFT,SELL,MARKET,,64,1647,NEW,
1648,TSLA,BUY,LIMIT,416.54,83,1648,NEW,
1649,META,SELL,LIMIT,640.57,34,1649,NEW,
1650,AMZN,SELL,LIMIT,198.58,50,1650,NEW,
1651,SPY,BUY,LIMIT,682.71,404,1651,NEW,
1652,META,BUY,LIMIT,639.87,8,1652,NEW,
1653,NVDA,SELL,LIMIT,182.57,28,1653,NEW,
1654,NVDA,BUY,LIMIT,182.49,20,1654,NEW,
1655,TSLA,SELL,LIMIT,416.67,81,1655,NEW,
1656,NVDA,BUY,MARKET,,60,1656,NEW,
1657,AAPL,BUY,LIMIT,254.73,75,1657,NEW,
1658,SPY,SELL,MARKET,,10,1658,NEW,
1659,MSFT,SELL,LIMIT,402.1,62,1659,NEW,
1660,SPY,BUY,LIMIT,682.6,22,1660,NEW,
1661,GOOGL,BUY,LIMIT,305.94,67,1661,NEW,
1662,AMZN,BUY,LIMIT,198.46,13,1662,NEW,
1663,AAPL,SELL,LIMIT,254.78,7,1663,NEW,
1664,META,BUY,LIMIT,639.97,31,1664,NEW,
1665,META,SELL,LIMIT,640.28,50,1665,NEW,
1666,NVDA,SELL,LIMIT,182.75,39,1666,NEW,
1667,AMZN,SELL,LIMIT,198.45,79,1667,NEW,
1668,GOOGL,SELL,MARKET,,45,1668,NEW,
1669,META,BUY,LIMIT,640.14,32,1669,NEW,
1670,SPY,SELL,LIMIT,682.88,82,1670,NEW,
1671,NVDA,BUY,LIMIT,182.78,724,1671,NEW,
1672,AAPL,BUY,LIMIT,254.71,52,1672,NEW,
1673,SPY,SELL,MARKET,,10,1673,NEW,
1674,SPY,BUY,LIMIT,682.39,16,1674,NEW,
1675,MSFT,SELL,LIMIT,402.18,49,1675,NEW,
1676,SPY,BUY,LIMIT,682.43,54,1676,NEW,
1677,MSFT,SELL,LIMIT,402.14,697,1677,NEW,
1678,META,BUY,MARKET,,93,1678,NEW,
1679,AAPL,BUY,LIMIT,254.73,282,1679,NEW,
1680,AMZN,SELL,MARKET,,76,1680,NEW,
1681,AMZN,BUY,LIMIT,198.3,29,1681,NEW,
1682,SPY,BUY,LIMIT,682.43,11,1682,NEW,
1683,TSLA,BUY,LIMIT,416.56,768,1683,NEW,
1684,AAPL,SELL,LIMIT,254.86,16,1684,NEW,
1685,AAPL,SELL,LIMIT,254.87,792,1685,NEW,
1686,META,SELL,MARKET,,1,1686,NEW,
1687,GOOGL,SELL,MARKET,,53,1687,NEW,
1688,AMZN,SELL,LIMIT,198.31,835,1688,NEW,
1689,TSLA,BUY,LIMIT,416.46,788,1689,NEW,
1690,AMZN,BUY,MARKET,,30,1690,NEW,
1691,TSLA,SELL,MARKET,,47,1691,NEW,
1692,MSFT,SELL,MARKET,,90,1692,NEW,
1693,NVDA,BUY,MARKET,,25,1693,NEW,
1694,SPY,SELL,MARKET,,383,1694,NEW,
1695,MSFT,BUY,MARKET,,76,1695,NEW,
1696,AAPL,BUY,MARKET,,22,1696,NEW,
1697,TSLA,BUY,MARKET,,49,1697,NEW,
1698,NVDA,SELL,MARKET,,51,1698,NEW,
1699,SPY,BUY,MARKET,,81,1699,NEW,
1700,NVDA,BUY,MARKET,,63,1700,NEW,
1701,NVDA,SELL,MARKET,,51,1701,NEW,
1702,NVDA,SELL,MARKET,,51,1702,NEW,
1703,TSLA,SELL,MARKET,,34,1703,NEW,
1704,AAPL,SELL,MARKET,,583,1704,NEW,
1705,AAPL,SELL,MARKET,,48,1705,NEW,
1706,GOOGL,BUY,MARKET,,24,1706,NEW,
1707,TSLA,BUY,MARKET,,83,1707,NEW,
1708,MSFT,BUY,MARKET,,60,1708,NEW,
1709,MSFT,BUY,MARKET,,20,1709,NEW,
1710,META,BUY,MARKET,,70,1710,NEW,
1711,NVDA,BUY,MARKET,,496,1711,NEW,
1712,TSLA,BUY,MARKET,,86,1712,NEW,
1713,NVDA,BUY,MARKET,,55,1713,NEW,
1714,META,SELL,MARKET,,55,1714,NEW,
1715,TSLA,BUY,MARKET,,17,1715,NEW,
1716,META,BUY,MARKET,,57,1716,NEW,
1717,TSLA,BUY,MARKET,,57,1717,NEW,
1718,AMZN,BUY,LIMIT,198.2,11,1718,NEW,
1719,NVDA,BUY,LIMIT,182.87,8,1719,NEW,
1720,NVDA,BUY,MARKET,,54,1720,NEW,
1721,NVDA,SELL,LIMIT,182.98,593,1721,NEW,
1722,MSFT,BUY,MARKET,,76,1722,NEW,
1723,TSLA,BUY,MARKET,,25,1723,NEW,
1724,GOOGL,SELL,MARKET,,28,1724,NEW,
1725,GOOGL,SELL,MARKET,,222,1725,NEW,
1726,SPY,SELL,MARKET,,89,1726,NEW,
1727,MSFT,BUY,MARKET,,894,1727,NEW,
1728,META,BUY,MARKET,,324,1728,NEW,
1729,META,SELL,MARKET,,21,1729,NEW,
1730,META,SELL,MARKET,,44,1730,NEW,
1731,TSLA,SELL,MARKET,,28,1731,NEW,
1732,SPY,BUY,MARKET,,256,1732,NEW,
1733,META,SELL,MARKET,,36,1733,NEW,
1734,MSFT,SELL,MARKET,,80,1734,NEW,
1735,TSLA,BUY,MARKET,,50,1735,NEW,
1736,AAPL,BUY,MARKET,,54,1736,NEW,
1737,AAPL,SELL,MARKET,,70,1737,NEW,
1738,SPY,SELL,MARKET,,83,1738,NEW,
1739,MSFT,SELL,MARKET,,50,1739,NEW,
1740,AMZN,BUY,MARKET,,12,1740,NEW,
1741,META,SELL,MARKET,,55,1741,NEW,
1742,GOOGL,BUY,MARKET,,24,1742,NEW,
1743,NVDA,BUY,MARKET,,67,1743,NEW,
1744,AAPL,SELL,MARKET,,486,1744,NEW,
1745,AAPL,BUY,MARKET,,28,1745,NEW,
1746,TSLA,BUY,MARKET,,33,1746,NEW,
1747,META,BUY,MARKET,,28,1747,NEW,
1748,MSFT,BUY,MARKET,,68,1748,NEW,
1749,NVDA,BUY,MARKET,,680,1749,NEW,
1750,MSFT,BUY,MARKET,,34,1750,NEW,
1751,META,BUY,MARKET,,506,1751,NEW,
1752,TSLA,SELL,MARKET,,3,1752,NEW,
1753,NVDA,SELL,MARKET,,20,1753,NEW,
1754,SPY,SELL,MARKET,,62,1754,NEW,
1755,AAPL,SELL,MARKET,,36,1755,NEW,
1756,MSFT,BUY,MARKET,,24,1756,NEW,
1757,SPY,BUY,MARKET,,64,1757,NEW,
1758,MSFT,SELL,MARKET,,383,1758,NEW,
1759,NVDA,SELL,MARKET,,68,1759,NEW,
1760,META,SELL,MARKET,,76,1760,NEW,
1761,AAPL,SELL,MARKET,,31,1761,NEW,
1762,MSFT,SELL,MARKET,,96,1762,NEW,
1763,SPY,SELL,MARKET,,46,1763,NEW,
1764,META,SELL,MARKET,,24,1764,NEW,
1765,AMZN,BUY,MARKET,,36,1765,NEW,
1766,SPY,SELL,MARKET,,16,1766,NEW,
1767,AAPL,BUY,MARKET,,34,1767,NEW,
1768,TSLA,BUY,MARKET,,85,1768,NEW,
1769,GOOGL,BUY,MARKET,,29,1769,NEW,
1770,NVDA,BUY,MARKET,,45,1770,NEW,
1771,MSFT,SELL,MARKET,,46,1771,NEW,
1772,GOOGL,BUY,MARKET,,16,1772,NEW,
1773,SPY,BUY,MARKET,,17,1773,NEW,
1774,META,SELL,MARKET,,16,1774,NEW,
1775,MSFT,SELL,MARKET,,73,1775,NEW,
1776,AMZN,SELL,MARKET,,9,1776,NEW,
1777,AAPL,BUY,MARKET,,87,1777,NEW,
1778,AAPL,BUY,MARKET,,11,1778,NEW,
1779,NVDA,BUY,MARKET,,35,1779,NEW,
1780,TSLA,BUY,MARKET,,31,1780,NEW,
1781,AMZN,SELL,MARKET,,67,1781,NEW,
1782,GOOGL,BUY,MARKET,,3,1782,NEW,
1783,NVDA,SELL,MARKET,,68,1783,NEW,
1784,MSFT,BUY,MARKET,,41,1784,NEW,
1785,GOOGL,BUY,MARKET,,97,1785,NEW,
1786,META,BUY,MARKET,,80,1786,NEW,
1787,SPY,BUY,MARKET,,30,1787,NEW,
1788,SPY,SELL,MARKET,,56,1788,NEW,
1789,GOOGL,SELL,MARKET,,83,1789,NEW,
1790,SPY,BUY,MARKET,,41,1790,NEW,
1791,MSFT,BUY,MARKET,,63,1791,NEW,
1792,AMZN,BUY,MARKET,,68,1792,NEW,
1793,MSFT,BUY,MARKET,,42,1793,NEW,
1794,META,BUY,MARKET,,45,1794,NEW,
1795,SPY,BUY,MARKET,,610,1795,NEW,
1796,MSFT,SELL,MARKET,,47,1796,NEW,
1797,AAPL,SELL,MARKET,,12,1797,NEW,
1798,MSFT,BUY,MARKET,,9,1798,NEW,
1799,META,BUY,MARKET,,8,1799,NEW,
1800,NVDA,SELL,MARKET,,3,1800,NEW,
1801,GOOGL,BUY,MARKET,,416,1801,NEW,
1802,AMZN,BUY,MARKET,,79,1802,NEW,
1803,AMZN,BUY,MARKET,,35,1803,NEW,
1804,TSLA,SELL,MARKET,,17,1804,NEW,
1805,SPY,SELL,MARKET,,52,1805,NEW,
1806,TSLA,SELL,MARKET,,78,1806,NEW,
1807,AMZN,BUY,MARKET,,697,1807,NEW,
1808,MSFT,SELL,MARKET,,96,1808,NEW,
1809,AAPL,SELL,MARKET,,92,1809,NEW,
1810,NVDA,SELL,MARKET,,72,1810,NEW,
1811,GOOGL,BUY,MARKET,,13,1811,NEW,
1812,META,BUY,MARKET,,44,1812,NEW,
1813,NVDA,SELL,MARKET,,59,1813,NEW,
1814,GOOGL,SELL,LIMIT,306.04,79,1814,NEW,
1815,GOOGL,BUY,LIMIT,305.93,20,1815,NEW,
1816,GOOGL,SELL,MARKET,,73,1816,NEW,
1817,AMZN,BUY,LIMIT,198.22,1,1817,NEW,
1818,MSFT,SELL,LIMIT,401.73,53,1818,NEW,
1819,AAPL,BUY,LIMIT,254.79,31,1819,NEW,
1820,META,SELL,LIMIT,639.79,1,1820,NEW,
1821,AMZN,SELL,LIMIT,198.25,62,1821,NEW,
1822,NVDA,SELL,LIMIT,183.45,95,1822,NEW,
1823,TSLA,BUY,MARKET,,12,1823,NEW,
1824,AAPL,BUY,MARKET,,325,1824,NEW,
1825,MSFT,SELL,MARKET,,25,1825,NEW,
1826,NVDA,SELL,MARKET,,90,1826,NEW,
1827,MSFT,BUY,MARKET,,676,1827,NEW,
1828,AAPL,BUY,MARKET,,100,1828,NEW,
1829,TSLA,BUY,MARKET,,90,1829,NEW,
1830,TSLA,SELL,MARKET,,100,1830,NEW,
1831,SPY,SELL,MARKET,,82,1831,NEW,
1832,SPY,SELL,MARKET,,16,1832,NEW,
1833,AMZN,SELL,MARKET,,36,1833,NEW,
1834,SPY,SELL,MARKET,,100,1834,NEW,
1835,META,BUY,MARKET,,52,1835,NEW,
1836,NVDA,SELL,MARKET,,8,1836,NEW,
1837,NVDA,BUY,MARKET,,68,1837,NEW,
1838,NVDA,BUY,MARKET,,87,1838,NEW,
1839,AAPL,SELL,MARKET,,88,1839,NEW,
1840,TSLA,SELL,MARKET,,888,1840,NEW,
1841,MSFT,BUY,MARKET,,79,1841,NEW,
1842,MSFT,BUY,MARKET,,34,1842,NEW,
1843,MSFT,BUY,MARKET,,92,1843,NEW,
1844,SPY,SELL,MARKET,,93,1844,NEW,
1845,TSLA,BUY,MARKET,,56,1845,NEW,
1846,AAPL,SELL,MARKET,,58,1846,NEW,
1847,GOOGL,BUY,MARKET,,50,1847,NEW,
1848,AAPL,SELL,MARKET,,95,1848,NEW,
1849,MSFT,BUY,MARKET,,27,1849,NEW,
1850,TSLA,SELL,MARKET,,45,1850,NEW,
1851,AMZN,SELL,MARKET,,77,1851,NEW,
1852,TSLA,SELL,MARKET,,62,1852,NEW,
1853,META,SELL,MARKET,,88,1853,NEW,
1854,TSLA,SELL,MARKET,,85,1854,NEW,
1855,AAPL,SELL,MARKET,,91,1855,NEW,
1856,AAPL,SELL,MARKET,,85,1856,NEW,
1857,SPY,SELL,MARKET,,55,1857,NEW,
1858,SPY,BUY,MARKET,,9,1858,NEW,
1859,AAPL,SELL,MARKET,,46,1859,NEW,
1860,AAPL,SELL,MARKET,,742,1860,NEW,
1861,NVDA,BUY,MARKET,,61,1861,NEW,
1862,MSFT,SELL,MARKET,,39,1862,NEW,
1863,AMZN,BUY,MARKET,,56,1863,NEW,
1864,GOOGL,SELL,MARKET,,53,1864,NEW,
1865,NVDA,SELL,MARKET,,14,1865,NEW,
1866,GOOGL,SELL,MARKET,,81,1866,NEW,
1867,GOOGL,SELL,MARKET,,75,1867,NEW,
1868,META,BUY,MARKET,,69,1868,NEW,
1869,AAPL,SELL,MARKET,,31,1869,NEW,
1870,AAPL,BUY,MARKET,,99,1870,NEW,
1871,AMZN,BUY,MARKET,,849,1871,NEW,
1872,AMZN,BUY,MARKET,,83,1872,NEW,
1873,NVDA,BUY,MARKET,,79,1873,NEW,
1874,META,BUY,MARKET,,51,1874,NEW,
1875,TSLA,BUY,MARKET,,73,1875,NEW,
1876,TSLA,SELL,MARKET,,90,1876,NEW,
1877,SPY,SELL,MARKET,,70,1877,NEW,
1878,MSFT,SELL,MARKET,,48,1878,NEW,
1879,GOOGL,SELL,MARKET,,61,1879,NEW,
1880,GOOGL,SELL,MARKET,,92,1880,NEW,
1881,AMZN,SELL,MARKET,,46,1881,NEW,
1882,TSLA,SELL,MARKET,,39,1882,NEW,
1883,SPY,SELL,MARKET,,13,1883,NEW,
1884,META,SELL,MARKET,,44,1884,NEW,
1885,GOOGL,BUY,MARKET,,1000,1885,NEW,
1886,NVDA,BUY,MARKET,,54,1886,NEW,
1887,MSFT,SELL,MARKET,,58,1887,NEW,
1888,NVDA,BUY,MARKET,,90,1888,NEW,
1889,AAPL,SELL,MARKET,,79,1889,NEW,
1890,META,SELL,MARKET,,92,1890,NEW,
1891,TSLA,SELL,MARKET,,77,1891,NEW,
1892,SPY,BUY,MARKET,,91,1892,NEW,
1893,AAPL,SELL,MARKET,,96,1893,NEW,
1894,AMZN,BUY,MARKET,,36,1894,NEW,
1895,TSLA,SELL,MARKET,,614,1895,NEW,
1896,TSLA,SELL,MARKET,,87,1896,NEW,
1897,TSLA,SELL,MARKET,,39,1897,NEW,
1898,AAPL,BUY,MARKET,,84,1898,NEW,
1899,AAPL,BUY,MARKET,,55,1899,NEW,
1900,META,SELL,MARKET,,26,1900,NEW,
1901,AAPL,SELL,MARKET,,31,1901,NEW,
1902,AMZN,SELL,MARKET,,46,1902,NEW,
1903,TSLA,SELL,MARKET,,97,1903,NEW,
1904,SPY,SELL,MARKET,,81,1904,NEW,
1905,SPY,BUY,MARKET,,63,1905,NEW,
1906,META,SELL,MARKET,,59,1906,NEW,
1907,NVDA,BUY,MARKET,,98,1907,NEW,
1908,AMZN,BUY,MARKET,,27,1908,NEW,
1909,AAPL,SELL,MARKET,,17,1909,NEW,
1910,TSLA,BUY,MARKET,,30,1910,NEW,
1911,MSFT,SELL,MARKET,,87,1911,NEW,
1912,MSFT,SELL,MARKET,,32,1912,NEW,
1913,AMZN,BUY,MARKET,,50,1913,NEW,
1914,NVDA,BUY,MARKET,,80,1914,NEW,
1915,AMZN,BUY,MARKET,,224,1915,NEW,
1916,GOOGL,BUY,MARKET,,92,1916,NEW,
1917,NVDA,BUY,MARKET,,22,1917,NEW,
1918,MSFT,SELL,MARKET,,5,1918,NEW,
1919,AAPL,BUY,MARKET,,15,1919,NEW,
1920,MSFT,SELL,MARKET,,61,1920,NEW,
1921,META,SELL,MARKET,,52,1921,NEW,
1922,AAPL,SELL,MARKET,,43,1922,NEW,
1923,MSFT,BUY,MARKET,,92,1923,NEW,
1924,SPY,BUY,MARKET,,38,1924,NEW,
1925,SPY,BUY,MARKET,,91,1925,NEW,
1926,MSFT,BUY,MARKET,,774,1926,NEW,
1927,TSLA,SELL,MARKET,,73,1927,NEW,
1928,SPY,BUY,LIMIT,682.99,5,1928,NEW,
1929,AMZN,BUY,LIMIT,198.39,3,1929,NEW,
1930,NVDA,SELL,LIMIT,183.69,4,1930,NEW,
1931,AAPL,BUY,MARKET,,63,1931,NEW,
1932,AMZN,SELL,LIMIT,198.57,57,1932,NEW,
1933,AAPL,SELL,LIMIT,254.92,40,1933,NEW,
1934,AAPL,BUY,LIMIT,254.84,65,1934,NEW,
1935,MSFT,SELL,LIMIT,401.81,69,1935,NEW,
1936,AMZN,BUY,LIMIT,198.5,58,1936,NEW,
1937,SPY,SELL,LIMIT,683.29,66,1937,NEW,
1938,NVDA,SELL,LIMIT,183.69,33,1938,NEW,
1939,NVDA,BUY,LIMIT,183.58,50,1939,NEW,
1940,NVDA,SELL,LIMIT,183.73,12,1940,NEW,
1941,META,SELL,LIMIT,639.95,25,1941,NEW,
1942,MSFT,SELL,MARKET,,64,1942,NEW,
1943,GOOGL,SELL,LIMIT,305.6,46,1943,NEW,
1944,SPY,SELL,LIMIT,683.15,13,1944,NEW,
1945,MSFT,SELL,LIMIT,401.82,18,1945,NEW,
1946,MSFT,BUY,LIMIT,401.8,65,1946,NEW,
1947,TSLA,BUY,LIMIT,415.3,25,1947,NEW,
1948,AAPL,BUY,MARKET,,10,1948,NEW,
1949,AMZN,SELL,LIMIT,198.66,1,1949,NEW,
1950,MSFT,BUY,LIMIT,401.67,38,1950,NEW,
1951,MSFT,BUY,LIMIT,401.59,68,1951,NEW,
1952,GOOGL,SELL,MARKET,,51,1952,NEW,
1953,TSLA,SELL,MARKET,,5,1953,NEW,
1954,TSLA,SELL,MARKET,,27,1954,NEW,
1955,NVDA,BUY,MARKET,,4,1955,NEW,
1956,NVDA,BUY,MARKET,,35,1956,NEW,
1957,MSFT,SELL,MARKET,,19,1957,NEW,
1958,MSFT,SELL,MARKET,,33,1958,NEW,
1959,SPY,BUY,MARKET,,56,1959,NEW,
1960,GOOGL,SELL,MARKET,,16,1960,NEW,
1961,NVDA,SELL,MARKET,,84,1961,NEW,
1962,MSFT,BUY,MARKET,,80,1962,NEW,
1963,META,SELL,MARKET,,8,1963,NEW,
1964,META,SELL,MARKET,,64,1964,NEW,
1965,TSLA,SELL,MARKET,,84,1965,NEW,
1966,AAPL,BUY,MARKET,,10,1966,NEW,
1967,META,SELL,MARKET,,46,1967,NEW,
1968,SPY,SELL,MARKET,,768,1968,NEW,
1969,AMZN,BUY,MARKET,,39,1969,NEW,
1970,GOOGL,BUY,MARKET,,318,1970,NEW,
1971,AAPL,SELL,MARKET,,24,1971,NEW,
1972,AMZN,SELL,MARKET,,558,1972,NEW,
1973,GOOGL,SELL,MARKET,,59,1973,NEW,
1974,MSFT,SELL,MARKET,,92,1974,NEW,
1975,MSFT,BUY,MARKET,,69,1975,NEW,
1976,META,BUY,MARKET,,529,1976,NEW,
1977,NVDA,SELL,MARKET,,63,1977,NEW,
1978,SPY,BUY,MARKET,,59,1978,NEW,
1979,META,SELL,MARKET,,35,1979,NEW,
1980,META,BUY,MARKET,,22,1980,NEW,
1981,GOOGL,SELL,MARKET,,3,1981,NEW,
1982,GOOGL,SELL,MARKET,,89,1982,NEW,
1983,GOOGL,SELL,MARKET,,33,1983,NEW,
1984,TSLA,SELL,MARKET,,42,1984,NEW,
1985,META,BUY,MARKET,,86,1985,NEW,
1986,AAPL,SELL,MARKET,,73,1986,NEW,
1987,TSLA,BUY,MARKET,,78,1987,NEW,
1988,NVDA,BUY,MARKET,,334,1988,NEW,
1989,AAPL,BUY,MARKET,,42,1989,NEW,
1990,SPY,SELL,MARKET,,73,1990,NEW,
1991,AMZN,SELL,LIMIT,198.85,1,1991,NEW,
1992,AAPL,SELL,LIMIT,255.05,6,1992,NEW,
1993,NVDA,SELL,LIMIT,183.69,86,1993,NEW,
1994,SPY,BUY,LIMIT,682.92,484,1994,NEW,
1995,AAPL,SELL,LIMIT,255.07,62,1995,NEW,
1996,GOOGL,SELL,LIMIT,305.3,5,1996,NEW,
1997,AMZN,SELL,LIMIT,198.98,47,1997,NEW,
1998,NVDA,BUY,LIMIT,183.56,55,1998,NEW,
1999,GOOGL,SELL,LIMIT,305.29,55,1999,NEW,
2000,GOOGL,SELL,LIMIT,305.34,6,2000,NEW,
2001,AAPL,SELL,LIMIT,255.11,69,2001,NEW,
2002,SPY,BUY,MARKET,,43,2002,NEW,
2003,AMZN,SELL,MARKET,,66,2003,NEW,
2004,TSLA,BUY,MARKET,,68,2004,NEW,
2005,AAPL,BUY,LIMIT,255.03,13,2005,NEW,
2006,SPY,BUY,LIMIT,682.66,65,2006,NEW,
2007,AMZN,BUY,LIMIT,198.87,12,2007,NEW,
2008,AAPL,SELL,LIMIT,255.18,10,2008,NEW,
2009,AAPL,BUY,LIMIT,254.98,604,2009,NEW,
2010,GOOGL,SELL,LIMIT,305.24,99,2010,NEW,
2011,AMZN,SELL,MARKET,,8,2011,NEW,
2012,AMZN,BUY,LIMIT,198.88,68,2012,NEW,
2013,NVDA,SELL,MARKET,,76,2013,NEW,
2014,META,BUY,MARKET,,26,2014,NEW,
2015,MSFT,BUY,MARKET,,17,2015,NEW,
2016,GOOGL,BUY,MARKET,,22,2016,NEW,
2017,MSFT,SELL,MARKET,,402,2017,NEW,
2018,SPY,BUY,MARKET,,40,2018,NEW,
2019,GOOGL,SELL,MARKET,,36,2019,NEW,
2020,MSFT,SELL,MARKET,,50,2020,NEW,
2021,NVDA,BUY,MARKET,,64,2021,NEW,
2022,AAPL,SELL,MARKET,,76,2022,NEW,
2023,META,SELL,MARKET,,65,2023,NEW,
2024,AAPL,BUY,MARKET,,62,2024,NEW,
2025,NVDA,BUY,MARKET,,42,2025,NEW,
2026,NVDA,SELL,MARKET,,36,2026,NEW,
2027,MSFT,SELL,MARKET,,54,2027,NEW,
2028,TSLA,SELL,MARKET,,95,2028,NEW,
2029,AMZN,SELL,MARKET,,68,2029,NEW,
2030,MSFT,SELL,MARKET,,3,2030,NEW,
2031,SPY,SELL,MARKET,,8,2031,NEW,
2032,SPY,BUY,MARKET,,68,2032,NEW,
2033,MSFT,SELL,MARKET,,82,2033,NEW,
2034,NVDA,BUY,MARKET,,31,2034,NEW,
2035,MSFT,BUY,MARKET,,5,2035,NEW,
2036,AMZN,SELL,MARKET,,67,2036,NEW,
2037,SPY,BUY,MARKET,,50,2037,NEW,
2038,NVDA,SELL,MARKET,,19,2038,NEW,
2039,AAPL,SELL,MARKET,,99,2039,NEW,
2040,META,SELL,MARKET,,54,2040,NEW,
2041,MSFT,BUY,MARKET,,66,2041,NEW,
2042,TSLA,SELL,MARKET,,81,2042,NEW,
2043,TSLA,SELL,MARKET,,85,2043,NEW,
2044,MSFT,BUY,MARKET,,68,2044,NEW,
2045,SPY,SELL,MARKET,,3,2045,NEW,
2046,META,SELL,MARKET,,72,2046,NEW,
2047,AMZN,BUY,MARKET,,80,2047,NEW,
2048,AAPL,SELL,MARKET,,56,2048,NEW,
2049,AAPL,SELL,MARKET,,93,2049,NEW,
2050,AAPL,BUY,MARKET,,72,2050,NEW,
2051,TSLA,SELL,MARKET,,79,2051,NEW,
2052,AMZN,BUY,MARKET,,258,2052,NEW,
2053,MSFT,SELL,MARKET,,16,2053,NEW,
2054,TSLA,SELL,MARKET,,92,2054,NEW,
2055,AMZN,SELL,MARKET,,100,2055,NEW,
2056,TSLA,BUY,MARKET,,58,2056,NEW,
2057,AAPL,BUY,MARKET,,95,2057,NEW,
2058,NVDA,SELL,MARKET,,53,2058,NEW,
2059,AAPL,BUY,MARKET,,527,2059,NEW,
2060,AMZN,SELL,MARKET,,45,2060,NEW,
2061,MSFT,SELL,MARKET,,39,2061,NEW,
2062,GOOGL,BUY,MARKET,,761,2062,NEW,
2063,MSFT,BUY,MARKET,,21,2063,NEW,
2064,MSFT,SELL,MARKET,,39,2064,NEW,
2065,TSLA,SELL,MARKET,,68,2065,NEW,
2066,META,SELL,MARKET,,51,2066,NEW,
2067,NVDA,BUY,MARKET,,69,2067,NEW,
2068,MSFT,BUY,MARKET,,33,2068,NEW,
2069,MSFT,BUY,MARKET,,89,2069,NEW,
2070,MSFT,BUY,MARKET,,380,2070,NEW,
2071,SPY,BUY,MARKET,,43,2071,NEW,
2072,META,BUY,MARKET,,16,2072,NEW,
2073,MSFT,SELL,MARKET,,42,2073,NEW,
2074,MSFT,BUY,MARKET,,16,2074,NEW,
2075,AMZN,SELL,MARKET,,84,2075,NEW,
2076,AMZN,BUY,MARKET,,81,2076,NEW,
2077,AAPL,BUY,MARKET,,81,2077,NEW,
2078,GOOGL,SELL,MARKET,,42,2078,NEW,
2079,TSLA,SELL,MARKET,,76,2079,NEW,
2080,META,SELL,MARKET,,27,2080,NEW,
2081,MSFT,SELL,MARKET,,66,2081,NEW,
2082,AMZN,SELL,MARKET,,100,2082,NEW,
2083,MSFT,BUY,MARKET,,77,2083,NEW,
2084,MSFT,BUY,MARKET,,67,2084,NEW,
2085,GOOGL,BUY,MARKET,,91,2085,NEW,
2086,MSFT,SELL,MARKET,,79,2086,NEW,
2087,AAPL,BUY,MARKET,,44,2087,NEW,
2088,NVDA,SELL,MARKET,,10,2088,NEW,
2089,SPY,SELL,MARKET,,28,2089,NEW,
2090,AAPL,BUY,MARKET,,64,2090,NEW,
2091,META,SELL,MARKET,,95,2091,NEW,
2092,AMZN,SELL,MARKET,,810,2092,NEW,
2093,NVDA,BUY,MARKET,,88,2093,NEW,
2094,AAPL,BUY,MARKET,,46,2094,NEW,
2095,NVDA,SELL,MARKET,,11,2095,NEW,
2096,MSFT,SELL,MARKET,,68,2096,NEW,
2097,GOOGL,BUY,MARKET,,633,2097,NEW,
2098,TSLA,SELL,MARKET,,25,2098,NEW,
2099,AAPL,SELL,MARKET,,75,2099,NEW,
2100,AMZN,BUY,MARKET,,68,2100,NEW,
2101,AAPL,SELL,MARKET,,99,2101,NEW,
2102,MSFT,BUY,MARKET,,22,2102,NEW,
2103,AAPL,BUY,MARKET,,31,2103,NEW,
2104,AAPL,BUY,MARKET,,32,2104,NEW,
2105,AMZN,BUY,MARKET,,49,2105,NEW,
2106,TSLA,SELL,MARKET,,889,2106,NEW,
2107,GOOGL,BUY,MARKET,,59,2107,NEW,
2108,SPY,BUY,MARKET,,35,2108,NEW,
2109,GOOGL,SELL,MARKET,,56,2109,NEW,
2110,GOOGL,BUY,MARKET,,17,2110,NEW,
2111,TSLA,BUY,MARKET,,62,2111,NEW,
2112,TSLA,SELL,MARKET,,41,2112,NEW,
2113,GOOGL,BUY,MARKET,,423,2113,NEW,
2114,AMZN,BUY,MARKET,,71,2114,NEW,
2115,SPY,BUY,MARKET,,37,2115,NEW,
2116,SPY,SELL,MARKET,,768,2116,NEW,
2117,TSLA,BUY,MARKET,,98,2117,NEW,
2118,NVDA,BUY,MARKET,,42,2118,NEW,
2119,TSLA,SELL,MARKET,,29,2119,NEW,
2120,AMZN,SELL,MARKET,,100,2120,NEW,
2121,META,SELL,LIMIT,640.47,1,2121,NEW,
2122,MSFT,BUY,LIMIT,401.73,14,2122,NEW,
2123,GOOGL,BUY,LIMIT,305.65,740,2123,NEW,
2124,GOOGL,SELL,LIMIT,305.78,74,2124,NEW,
2125,TSLA,SELL,LIMIT,414.92,32,2125,NEW,
2126,GOOGL,BUY,MARKET,,18,2126,NEW,
2127,GOOGL,BUY,MARKET,,79,2127,NEW,
2128,META,SELL,LIMIT,640.69,57,2128,NEW,
2129,AMZN,BUY,LIMIT,198.75,45,2129,NEW,
2130,MSFT,SELL,MARKET,,637,2130,NEW,
2131,AAPL,SELL,LIMIT,255.34,5,2131,NEW,
2132,AMZN,BUY,LIMIT,198.72,22,2132,NEW,
2133,META,BUY,LIMIT,640.04,48,2133,NEW,
2134,GOOGL,SELL,MARKET,,64,2134,NEW,
2135,META,BUY,LIMIT,640.16,100,2135,NEW,
2136,MSFT,BUY,MARKET,,57,2136,NEW,
2137,AMZN,SELL,LIMIT,198.72,90,2137,NEW,
2138,NVDA,SELL,LIMIT,183.84,43,2138,NEW,
2139,TSLA,SELL,LIMIT,414.96,93,2139,NEW,
2140,SPY,BUY,LIMIT,682.64,91,2140,NEW,
2141,NVDA,SELL,MARKET,,368,2141,NEW,
2142,AAPL,BUY,LIMIT,255.29,84,2142,NEW,
2143,MSFT,BUY,LIMIT,401.65,16,2143,NEW,
2144,NVDA,BUY,MARKET,,10,2144,NEW,
2145,SPY,BUY,LIMIT,682.55,97,2145,NEW,
2146,AMZN,BUY,LIMIT,198.66,37,2146,NEW,
2147,META,BUY,LIMIT,640.22,12,2147,NEW,
2148,AAPL,BUY,MARKET,,12,2148,NEW,
2149,TSLA,SELL,MARKET,,55,2149,NEW,
2150,GOOGL,BUY,LIMIT,305.81,52,2150,NEW,
2151,AMZN,BUY,LIMIT,198.65,29,2151,NEW,
2152,TSLA,BUY,LIMIT,414.89,56,2152,NEW,
2153,MSFT,BUY,MARKET,,79,2153,NEW,
2154,NVDA,BUY,MARKET,,10,2154,NEW,
2155,AAPL,SELL,MARKET,,85,2155,NEW,
2156,GOOGL,BUY,MARKET,,70,2156,NEW,
2157,MSFT,SELL,MARKET,,90,2157,NEW,
2158,AMZN,BUY,MARKET,,93,2158,NEW,
2159,TSLA,BUY,MARKET,,4,2159,NEW,
2160,MSFT,SELL,MARKET,,17,2160,NEW,
2161,GOOGL,SELL,MARKET,,781,2161,NEW,
2162,AMZN,BUY,MARKET,,785,2162,NEW,
2163,GOOGL,BUY,MARKET,,53,2163,NEW,
2164,GOOGL,SELL,MARKET,,90,2164,NEW,
2165,TSLA,SELL,MARKET,,18,2165,NEW,
2166,META,SELL,MARKET,,39,2166,NEW,
2167,GOOGL,BUY,MARKET,,14,2167,NEW,
2168,GOOGL,SELL,MARKET,,23,2168,NEW,
2169,MSFT,SELL,MARKET,,56,2169,NEW,
2170,AMZN,BUY,MARKET,,61,2170,NEW,
2171,AMZN,SELL,MARKET,,77,2171,NEW,
2172,AMZN,SELL,MARKET,,503,2172,NEW,
2173,AAPL,BUY,MARKET,,24,2173,NEW,
2174,AAPL,SELL,MARKET,,894,2174,NEW,
2175,META,BUY,MARKET,,43,2175,NEW,
2176,MSFT,BUY,MARKET,,37,2176,NEW,
2177,AMZN,SELL,MARKET,,66,2177,NEW,
2178,META,BUY,MARKET,,480,2178,NEW,
2179,TSLA,SELL,MARKET,,53,2179,NEW,
2180,MSFT,BUY,MARKET,,84,2180,NEW,
2181,AMZN,SELL,MARKET,,48,2181,NEW,
2182,TSLA,SELL,MARKET,,76,2182,NEW,
2183,NVDA,BUY,MARKET,,38,2183,NEW,
2184,SPY,BUY,MARKET,,5,2184,NEW,
2185,GOOGL,SELL,MARKET,,53,2185,NEW,
2186,NVDA,SELL,MARKET,,33,2186,NEW,
2187,SPY,BUY,MARKET,,86,2187,NEW,
2188,META,SELL,MARKET,,47,2188,NEW,
2189,GOOGL,BUY,MARKET,,72,2189,NEW,
2190,NVDA,SELL,MARKET,,63,2190,NEW,
2191,SPY,BUY,MARKET,,16,2191,NEW,
2192,TSLA,BUY,MARKET,,69,2192,NEW,
2193,MSFT,SELL,MARKET,,38,2193,NEW,
2194,GOOGL,BUY,MARKET,,5,2194,NEW,
2195,GOOGL,SELL,MARKET,,36,2195,NEW,
2196,AMZN,SELL,MARKET,,100,2196,NEW,
2197,TSLA,SELL,MARKET,,23,2197,NEW,
2198,AAPL,SELL,MARKET,,76,2198,NEW,
2199,AAPL,BUY,MARKET,,68,2199,NEW,
2200,AAPL,SELL,MARKET,,91,2200,NEW,
2201,AMZN,SELL,MARKET,,17,2201,NEW,
2202,NVDA,SELL,MARKET,,67,2202,NEW,
2203,AAPL,SELL,MARKET,,10,2203,NEW,
2204,MSFT,BUY,MARKET,,14,2204,NEW,
2205,SPY,BUY,MARKET,,85,2205,NEW,
2206,SPY,SELL,MARKET,,27,2206,NEW,
2207,AAPL,BUY,MARKET,,43,2207,NEW,
2208,AMZN,BUY,MARKET,,18,2208,NEW,
2209,AAPL,SELL,MARKET,,12,2209,NEW,
2210,GOOGL,SELL,MARKET,,91,2210,NEW,
2211,META,SELL,MARKET,,99,2211,NEW,
2212,META,BUY,MARKET,,82,2212,NEW,
2213,TSLA,BUY,MARKET,,51,2213,NEW,
2214,AAPL,BUY,MARKET,,23,2214,NEW,
2215,META,BUY,MARKET,,921,2215,NEW,
2216,SPY,SELL,MARKET,,44,2216,NEW,
2217,GOOGL,SELL,MARKET,,61,2217,NEW,
2218,MSFT,SELL,MARKET,,36,2218,NEW,
2219,NVDA,BUY,MARKET,,70,2219,NEW,
2220,TSLA,SELL,MARKET,,83,2220,NEW,
2221,SPY,BUY,MARKET,,40,2221,NEW,
2222,MSFT,SELL,MARKET,,77,2222,NEW,
2223,NVDA,SELL,MARKET,,24,2223,NEW,
2224,TSLA,BUY,MARKET,,41,2224,NEW,
2225,AMZN,BUY,MARKET,,32,2225,NEW,
2226,META,BUY,MARKET,,48,2226,NEW,
2227,GOOGL,BUY,MARKET,,28,2227,NEW,
2228,AAPL,BUY,MARKET,,13,2228,NEW,
2229,SPY,SELL,MARKET,,19,2229,NEW,
2230,GOOGL,BUY,MARKET,,361,2230,NEW,
2231,META,BUY,MARKET,,47,2231,NEW,
2232,GOOGL,SELL,MARKET,,23,2232,NEW,
2233,MSFT,SELL,MARKET,,18,2233,NEW,
2234,NVDA,SELL,LIMIT,183.72,797,2234,NEW,
2235,TSLA,SELL,LIMIT,415.35,55,2235,NEW,
2236,AMZN,BUY,LIMIT,198.73,79,2236,NEW,
2237,MSFT,BUY,LIMIT,401.85,59,2237,NEW,
2238,AMZN,BUY,LIMIT,198.72,46,2238,NEW,
2239,NVDA,BUY,LIMIT,183.7,97,2239,NEW,
2240,SPY,SELL,LIMIT,683.08,77,2240,NEW,
2241,TSLA,SELL,MARKET,,332,2241,NEW,
2242,AAPL,SELL,MARKET,,61,2242,NEW,
2243,MSFT,BUY,MARKET,,9,2243,NEW,
2244,GOOGL,SELL,MARKET,,88,2244,NEW,
2245,AAPL,BUY,MARKET,,66,2245,NEW,
2246,MSFT,BUY,MARKET,,18,2246,NEW,
2247,AAPL,SELL,MARKET,,70,2247,NEW,
2248,AMZN,SELL,MARKET,,26,2248,NEW,
2249,AMZN,BUY,MARKET,,58,2249,NEW,
2250,META,SELL,MARKET,,36,2250,NEW,
2251,SPY,BUY,MARKET,,57,2251,NEW,
2252,NVDA,BUY,MARKET,,70,2252,NEW,
2253,AAPL,BUY,MARKET,,68,2253,NEW,
2254,MSFT,BUY,MARKET,,53,2254,NEW,
2255,NVDA,BUY,MARKET,,31,2255,NEW,
2256,AAPL,BUY,MARKET,,14,2256,NEW,
2257,AMZN,BUY,MARKET,,50,2257,NEW,
2258,AAPL,BUY,MARKET,,21,2258,NEW,
2259,MSFT,SELL,MARKET,,39,2259,NEW,
2260,META,SELL,MARKET,,4,2260,NEW,
2261,SPY,SELL,MARKET,,79,2261,NEW,
2262,TSLA,BUY,MARKET,,9,2262,NEW,
2263,SPY,BUY,MARKET,,18,2263,NEW,
2264,NVDA,BUY,MARKET,,22,2264,NEW,
2265,NVDA,BUY,MARKET,,6,2265,NEW,
2266,AMZN,BUY,MARKET,,9,2266,NEW,
2267,MSFT,SELL,MARKET,,11,2267,NEW,
2268,TSLA,SELL,MARKET,,97,2268,NEW,
2269,AMZN,BUY,MARKET,,49,2269,NEW,
2270,NVDA,BUY,MARKET,,45,2270,NEW,
2271,NVDA,SELL,MARKET,,75,2271,NEW,
2272,AAPL,SELL,MARKET,,15,2272,NEW,
2273,MSFT,BUY,MARKET,,65,2273,NEW,
2274,AMZN,BUY,MARKET,,37,2274,NEW,
2275,AAPL,BUY,MARKET,,64,2275,NEW,
2276,GOOGL,SELL,MARKET,,927,2276,NEW,
2277,SPY,SELL,MARKET,,17,2277,NEW,
2278,TSLA,BUY,MARKET,,9,2278,NEW,
2279,AAPL,BUY,MARKET,,92,2279,NEW,
2280,SPY,SELL,MARKET,,57,2280,NEW,
2281,NVDA,BUY,MARKET,,61,2281,NEW,
2282,MSFT,BUY,MARKET,,44,2282,NEW,
2283,MSFT,BUY,MARKET,,39,2283,NEW,
2284,NVDA,BUY,MARKET,,8,2284,NEW,
2285,AMZN,BUY,MARKET,,302,2285,NEW,
2286,SPY,SELL,MARKET,,88,2286,NEW,
2287,AAPL,BUY,MARKET,,3,2287,NEW,
2288,MSFT,SELL,MARKET,,820,2288,NEW,
2289,SPY,SELL,MARKET,,28,2289,NEW,
2290,TSLA,BUY,MARKET,,7,2290,NEW,
2291,TSLA,BUY,MARKET,,20,2291,NEW,
2292,GOOGL,SELL,LIMIT,306.07,98,2292,NEW,
2293,AAPL,BUY,LIMIT,255.75,28,2293,NEW,
2294,META,BUY,LIMIT,640.6,98,2294,NEW,
2295,GOOGL,BUY,LIMIT,305.91,55,2295,NEW,
2296,NVDA,SELL,MARKET,,18,2296,NEW,
2297,TSLA,BUY,LIMIT,415.39,925,2297,NEW,
2298,NVDA,BUY,LIMIT,184.02,1,2298,NEW,
2299,SPY,SELL,LIMIT,682.43,71,2299,NEW,
2300,MSFT,BUY,LIMIT,401.9,48,2300,NEW,
2301,AMZN,BUY,LIMIT,198.88,66,2301,NEW,
2302,NVDA,SELL,LIMIT,184.13,206,2302,NEW,
2303,AAPL,BUY,LIMIT,255.77,7,2303,NEW,
2304,META,SELL,LIMIT,641.12,76,2304,NEW,
2305,META,SELL,LIMIT,640.96,62,2305,NEW,
2306,NVDA,SELL,LIMIT,184.14,551,2306,NEW,
2307,AMZN,SELL,LIMIT,198.92,36,2307,NEW,
2308,META,BUY,LIMIT,640.77,43,2308,NEW,
2309,GOOGL,BUY,LIMIT,305.92,21,2309,NEW,
2310,SPY,BUY,LIMIT,682.24,224,2310,NEW,
2311,META,BUY,LIMIT,640.91,543,2311,NEW,
2312,AAPL,SELL,MARKET,,3,2312,NEW,
2313,GOOGL,SELL,MARKET,,83,2313,NEW,
2314,META,SELL,MARKET,,3,2314,NEW,
2315,AAPL,SELL,MARKET,,845,2315,NEW,
2316,AMZN,SELL,MARKET,,60,2316,NEW,
2317,NVDA,BUY,MARKET,,76,2317,NEW,
2318,META,SELL,MARKET,,40,2318,NEW,
2319,GOOGL,SELL,MARKET,,84,2319,NEW,
2320,MSFT,SELL,MARKET,,401,2320,NEW,
2321,GOOGL,BUY,MARKET,,93,2321,NEW,
2322,NVDA,BUY,MARKET,,86,2322,NEW,
2323,SPY,BUY,MARKET,,13,2323,NEW,
2324,NVDA,SELL,MARKET,,14,2324,NEW,
2325,AAPL,SELL,MARKET,,48,2325,NEW,
2326,META,BUY,MARKET,,62,2326,NEW,
2327,META,BUY,MARKET,,76,2327,NEW,
2328,GOOGL,SELL,MARKET,,50,2328,NEW,
2329,GOOGL,SELL,MARKET,,95,2329,NEW,
2330,MSFT,BUY,MARKET,,25,2330,NEW,
2331,AMZN,SELL,MARKET,,93,2331,NEW,
2332,MSFT,BUY,MARKET,,762,2332,NEW,
2333,MSFT,SELL,MARKET,,34,2333,NEW,
2334,TSLA,BUY,MARKET,,8,2334,NEW,
2335,SPY,BUY,MARKET,,96,2335,NEW,
2336,MSFT,BUY,MARKET,,46,2336,NEW,
2337,TSLA,SELL,MARKET,,53,2337,NEW,
2338,META,BUY,MARKET,,43,2338,NEW,
2339,AAPL,BUY,MARKET,,43,2339,NEW,
2340,GOOGL,BUY,MARKET,,90,2340,NEW,
2341,NVDA,SELL,MARKET,,624,2341,NEW,
2342,MSFT,SELL,MARKET,,100,2342,NEW,
2343,AAPL,SELL,MARKET,,26,2343,NEW,
2344,SPY,BUY,MARKET,,95,2344,NEW,
2345,SPY,BUY,MARKET,,78,2345,NEW,
2346,AAPL,SELL,MARKET,,36,2346,NEW,
2347,GOOGL,BUY,MARKET,,67,2347,NEW,
2348,NVDA,BUY,MARKET,,89,2348,NEW,
2349,AAPL,BUY,MARKET,,235,2349,NEW,
2350,TSLA,SELL,MARKET,,32,2350,NEW,
2351,SPY,BUY,MARKET,,50,2351,NEW,
2352,AMZN,BUY,MARKET,,69,2352,NEW,
2353,NVDA,BUY,MARKET,,15,2353,NEW,
2354,META,SELL,MARKET,,25,2354,NEW,
2355,NVDA,SELL,MARKET,,92,2355,NEW,
2356,MSFT,BUY,MARKET,,18,2356,NEW,
2357,NVDA,SELL,MARKET,,46,2357,NEW,
2358,AAPL,SELL,MARKET,,561,2358,NEW,
2359,NVDA,SELL,MARKET,,76,2359,NEW,
2360,AMZN,BUY,MARKET,,31,2360,NEW,
2361,AAPL,SELL,MARKET,,87,2361,NEW,
2362,AAPL,SELL,MARKET,,29,2362,NEW,
2363,AMZN,BUY,MARKET,,36,2363,NEW,
2364,META,BUY,MARKET,,52,2364,NEW,
2365,META,SELL,MARKET,,32,2365,NEW,
2366,AMZN,BUY,MARKET,,80,2366,NEW,
2367,AAPL,BUY,MARKET,,34,2367,NEW,
2368,AMZN,SELL,MARKET,,43,2368,NEW,
2369,AMZN,SELL,MARKET,,458,2369,NEW,
2370,NVDA,SELL,MARKET,,4,2370,NEW,
2371,MSFT,BUY,MARKET,,9,2371,NEW,
2372,MSFT,SELL,MARKET,,82,2372,NEW,
2373,TSLA,BUY,MARKET,,58,2373,NEW,
2374,AAPL,SELL,MARKET,,29,2374,NEW,
2375,NVDA,BUY,MARKET,,62,2375,NEW,
2376,SPY,BUY,MARKET,,338,2376,NEW,
2377,TSLA,BUY,MARKET,,31,2377,NEW,
2378,AAPL,BUY,MARKET,,361,2378,NEW,
2379,TSLA,BUY,MARKET,,7,2379,NEW,
2380,MSFT,SELL,MARKET,,21,2380,NEW,
2381,TSLA,BUY,MARKET,,75,2381,NEW,
2382,NVDA,BUY,MARKET,,36,2382,NEW,
2383,META,BUY,MARKET,,1,2383,NEW,
2384,AAPL,BUY,MARKET,,15,2384,NEW,
2385,NVDA,SELL,MARKET,,50,2385,NEW,
2386,NVDA,BUY,MARKET,,65,2386,NEW,
2387,GOOGL,BUY,MARKET,,42,2387,NEW,
2388,TSLA,BUY,MARKET,,17,2388,NEW,
2389,SPY,BUY,MARKET,,15,2389,NEW,
2390,AMZN,SELL,MARKET,,47,2390,NEW,
2391,TSLA,SELL,MARKET,,35,2391,NEW,
2392,AAPL,SELL,MARKET,,4,2392,NEW,
2393,MSFT,SELL,MARKET,,19,2393,NEW,
2394,META,SELL,MARKET,,92,2394,NEW,
2395,NVDA,SELL,MARKET,,84,2395,NEW,
2396,MSFT,SELL,MARKET,,81,2396,NEW,
2397,TSLA,BUY,MARKET,,7,2397,NEW,
2398,AAPL,SELL,MARKET,,29,2398,NEW,
2399,MSFT,BUY,MARKET,,98,2399,NEW,
2400,NVDA,SELL,MARKET,,38,2400,NEW,
2401,AAPL,SELL,MARKET,,38,2401,NEW,
2402,AAPL,SELL,MARKET,,82,2402,NEW,
2403,MSFT,BUY,MARKET,,47,2403,NEW,
2404,AMZN,SELL,MARKET,,850,2404,NEW,
2405,TSLA,SELL,MARKET,,53,2405,NEW,
2406,AAPL,SELL,MARKET,,72,2406,NEW,
2407,AAPL,SELL,MARKET,,35,2407,NEW,
2408,MSFT,SELL,MARKET,,79,2408,NEW,
2409,GOOGL,SELL,MARKET,,63,2409,NEW,
2410,GOOGL,BUY,MARKET,,9,2410,NEW,
2411,AAPL,SELL,LIMIT,256.11,89,2411,NEW,
2412,NVDA,SELL,MARKET,,33,2412,NEW,
2413,MSFT,SELL,LIMIT,401.59,100,2413,NEW,
2414,AAPL,BUY,LIMIT,256.13,78,2414,NEW,
2415,MSFT,SELL,LIMIT,401.61,62,2415,NEW,
2416,GOOGL,SELL,LIMIT,305.89,3,2416,NEW,
2417,MSFT,SELL,MARKET,,66,2417,NEW,
2418,SPY,BUY,MARKET,,74,2418,NEW,
2419,AMZN,SELL,LIMIT,198.92,41,2419,NEW,
2420,AMZN,SELL,LIMIT,198.96,92,2420,NEW,
2421,AAPL,SELL,LIMIT,256.14,36,2421,NEW,
2422,AMZN,BUY,LIMIT,198.92,73,2422,NEW,
2423,TSLA,BUY,LIMIT,415.47,52,2423,NEW,
2424,MSFT,BUY,LIMIT,401.5,55,2424,NEW,
2425,MSFT,BUY,LIMIT,401.56,34,2425,NEW,
2426,AAPL,BUY,LIMIT,256,9,2426,NEW,
2427,GOOGL,SELL,LIMIT,305.93,576,2427,NEW,
2428,TSLA,SELL,MARKET,,2,2428,NEW,
2429,GOOGL,SELL,MARKET,,82,2429,NEW,
2430,AMZN,BUY,MARKET,,42,2430,NEW,
2431,META,BUY,MARKET,,92,2431,NEW,
2432,MSFT,SELL,MARKET,,100,2432,NEW,
2433,TSLA,SELL,MARKET,,96,2433,NEW,
2434,NVDA,SELL,MARKET,,93,2434,NEW,
2435,AAPL,SELL,MARKET,,472,2435,NEW,
2436,MSFT,BUY,MARKET,,99,2436,NEW,
2437,AAPL,BUY,MARKET,,27,2437,NEW,
2438,MSFT,BUY,MARKET,,21,2438,NEW,
2439,GOOGL,BUY,MARKET,,62,2439,NEW,
2440,AMZN,BUY,MARKET,,62,2440,NEW,
2441,AAPL,BUY,MARKET,,77,2441,NEW,
2442,AMZN,BUY,MARKET,,66,2442,NEW,
2443,GOOGL,SELL,MARKET,,41,2443,NEW,
2444,SPY,SELL,MARKET,,22,2444,NEW,
2445,AAPL,BUY,MARKET,,51,2445,NEW,
2446,META,BUY,MARKET,,394,2446,NEW,
2447,AAPL,SELL,MARKET,,764,2447,NEW,
2448,MSFT,SELL,MARKET,,78,2448,NEW,
2449,NVDA,BUY,MARKET,,83,2449,NEW,
2450,AMZN,BUY,MARKET,,729,2450,NEW,
2451,TSLA,SELL,MARKET,,40,2451,NEW,
2452,NVDA,SELL,MARKET,,759,2452,NEW,
2453,AAPL,SELL,MARKET,,13,2453,NEW,
2454,NVDA,BUY,MARKET,,395,2454,NEW,
2455,AAPL,BUY,MARKET,,28,2455,NEW,
2456,SPY,BUY,MARKET,,60,2456,NEW,
2457,MSFT,BUY,MARKET,,45,2457,NEW,
2458,GOOGL,BUY,MARKET,,61,2458,NEW,
2459,AAPL,SELL,MARKET,,63,2459,NEW,
2460,GOOGL,SELL,MARKET,,59,2460,NEW,
2461,MSFT,SELL,MARKET,,81,2461,NEW,
2462,TSLA,BUY,MARKET,,89,2462,NEW,
2463,GOOGL,SELL,LIMIT,305.84,39,2463,NEW,
2464,TSLA,BUY,LIMIT,415.42,728,2464,NEW,
2465,AMZN,BUY,LIMIT,198.85,65,2465,NEW,
2466,GOOGL,BUY,LIMIT,305.68,234,2466,NEW,
2467,SPY,BUY,MARKET,,49,2467,NEW,
2468,AMZN,BUY,LIMIT,198.8,52,2468,NEW,
2469,META,BUY,LIMIT,640.68,64,2469,NEW,
2470,AAPL,BUY,LIMIT,256.03,74,2470,NEW,
2471,NVDA,SELL,MARKET,,4,2471,NEW,
2472,AAPL,SELL,LIMIT,256.09,84,2472,NEW,
2473,MSFT,SELL,LIMIT,401.84,59,2473,NEW,
2474,MSFT,SELL,LIMIT,401.86,7,2474,NEW,
2475,TSLA,BUY,LIMIT,415.71,74,2475,NEW,
2476,MSFT,BUY,LIMIT,401.75,78,2476,NEW,
2477,MSFT,BUY,LIMIT,401.88,21,2477,NEW,
2478,NVDA,SELL,LIMIT,183.98,26,2478,NEW,
2479,AMZN,SELL,LIMIT,198.81,42,2479,NEW,
2480,SPY,BUY,LIMIT,681.43,31,2480,NEW,
2481,TSLA,BUY,LIMIT,415.5,98,2481,NEW,
2482,AAPL,BUY,MARKET,,11,2482,NEW,
2483,AAPL,BUY,LIMIT,256.04,60,2483,NEW,
2484,AAPL,SELL,LIMIT,256.16,74,2484,NEW,
2485,AMZN,BUY,MARKET,,17,2485,NEW,
2486,SPY,SELL,LIMIT,681.69,649,2486,NEW,
2487,AAPL,SELL,LIMIT,255.98,95,2487,NEW,
2488,META,BUY,LIMIT,641,36,2488,NEW,
2489,MSFT,SELL,LIMIT,401.99,71,2489,NEW,
2490,MSFT,SELL,LIMIT,402.14,72,2490,NEW,
2491,AAPL,SELL,MARKET,,1,2491,NEW,
2492,MSFT,SELL,LIMIT,402.01,22,2492,NEW,
2493,AMZN,BUY,LIMIT,198.62,26,2493,NEW,
2494,AMZN,SELL,LIMIT,198.68,7,2494,NEW,
2495,META,BUY,LIMIT,640.81,30,2495,NEW,
2496,AMZN,BUY,LIMIT,198.64,221,2496,NEW,
2497,AMZN,SELL,LIMIT,198.72,91,2497,NEW,
2498,AMZN,BUY,LIMIT,198.6,21,2498,NEW,
2499,NVDA,SELL,LIMIT,183.92,70,2499,NEW,
2500,SPY,SELL,LIMIT,681.58,218,2500,NEW,
2501,META,SELL,LIMIT,641.11,33,2501,NEW,
2502,AMZN,SELL,LIMIT,198.65,34,2502,NEW,
2503,NVDA,SELL,LIMIT,183.79,69,2503,NEW,
2504,AAPL,BUY,LIMIT,255.87,291,2504,NEW,
2505,AAPL,BUY,LIMIT,255.9,61,2505,NEW,
2506,AAPL,BUY,LIMIT,255.89,36,2506,NEW,
2507,META,SELL,LIMIT,641.21,5,2507,NEW,
2508,SPY,BUY,LIMIT,681.48,92,2508,NEW,
2509,TSLA,SELL,LIMIT,415.43,7,2509,NEW,
2510,AMZN,SELL,LIMIT,198.75,96,2510,NEW,
2511,AAPL,SELL,LIMIT,255.93,71,2511,NEW,
2512,AAPL,BUY,MARKET,,26,2512,NEW,
2513,AMZN,SELL,LIMIT,198.7,74,2513,NEW,
2514,NVDA,SELL,LIMIT,183.77,88,2514,NEW,
2515,SPY,SELL,LIMIT,681.55,79,2515,NEW,
2516,NVDA,SELL,LIMIT,183.73,10,2516,NEW,
2517,META,BUY,LIMIT,640.81,3,2517,NEW,
2518,AMZN,BUY,LIMIT,198.57,65,2518,NEW,
2519,AAPL,BUY,LIMIT,255.86,5,2519,NEW,
2520,MSFT,BUY,LIMIT,401.84,93,2520,NEW,
2521,SPY,BUY,LIMIT,681.31,37,2521,NEW,
2522,MSFT,BUY,MARKET,,98,2522,NEW,
2523,SPY,SELL,LIMIT,681.62,3,2523,NEW,
2524,AAPL,SELL,LIMIT,255.74,9,2524,NEW,
2525,META,SELL,LIMIT,641.39,14,2525,NEW,
2526,MSFT,SELL,LIMIT,401.84,88,2526,NEW,
2527,SPY,BUY,LIMIT,681.19,62,2527,NEW,
2528,NVDA,BUY,LIMIT,183.65,100,2528,NEW,
2529,AMZN,BUY,LIMIT,198.62,56,2529,NEW,
2530,AMZN,SELL,LIMIT,198.64,48,2530,NEW,
2531,NVDA,SELL,LIMIT,183.79,55,2531,NEW,
2532,SPY,SELL,MARKET,,596,2532,NEW,
2533,NVDA,BUY,LIMIT,183.68,49,2533,NEW,
2534,AMZN,SELL,LIMIT,198.63,48,2534,NEW,
2535,TSLA,BUY,MARKET,,36,2535,NEW,
2536,NVDA,SELL,MARKET,,22,2536,NEW,
2537,AMZN,SELL,MARKET,,12,2537,NEW,
2538,AMZN,SELL,MARKET,,7,2538,NEW,
2539,SPY,SELL,MARKET,,38,2539,NEW,
2540,NVDA,BUY,MARKET,,41,2540,NEW,
2541,TSLA,BUY,MARKET,,76,2541,NEW,
2542,SPY,SELL,MARKET,,74,2542,NEW,
2543,MSFT,SELL,MARKET,,505,2543,NEW,
2544,SPY,BUY,MARKET,,36,2544,NEW,
2545,TSLA,SELL,MARKET,,61,2545,NEW,
2546,AMZN,BUY,MARKET,,24,2546,NEW,
2547,SPY,SELL,MARKET,,31,2547,NEW,
2548,NVDA,SELL,MARKET,,16,2548,NEW,
2549,NVDA,BUY,MARKET,,236,2549,NEW,
2550,NVDA,SELL,MARKET,,66,2550,NEW,
2551,TSLA,SELL,MARKET,,88,2551,NEW,
2552,MSFT,BUY,MARKET,,240,2552,NEW,
2553,TSLA,BUY,MARKET,,35,2553,NEW,
2554,TSLA,SELL,MARKET,,53,2554,NEW,
2555,NVDA,SELL,MARKET,,59,2555,NEW,
2556,SPY,BUY,MARKET,,35,2556,NEW,
2557,AAPL,SELL,MARKET,,60,2557,NEW,
2558,AAPL,SELL,MARKET,,65,2558,NEW,
2559,SPY,SELL,MARKET,,34,2559,NEW,
2560,GOOGL,SELL,MARKET,,86,2560,NEW,
2561,NVDA,SELL,MARKET,,37,2561,NEW,
2562,AMZN,SELL,MARKET,,26,2562,NEW,
2563,AAPL,SELL,MARKET,,14,2563,NEW,
2564,AMZN,SELL,MARKET,,90,2564,NEW,
2565,NVDA,BUY,MARKET,,73,2565,NEW,
2566,NVDA,SELL,MARKET,,22,2566,NEW,
2567,GOOGL,BUY,MARKET,,42,2567,NEW,
2568,SPY,SELL,MARKET,,68,2568,NEW,
2569,AMZN,BUY,MARKET,,99,2569,NEW,
2570,AMZN,SELL,MARKET,,367,2570,NEW,
2571,META,BUY,MARKET,,36,2571,NEW,
2572,MSFT,BUY,MARKET,,62,2572,NEW,
2573,AMZN,BUY,MARKET,,48,2573,NEW,
2574,TSLA,BUY,MARKET,,89,2574,NEW,
2575,NVDA,SELL,MARKET,,77,2575,NEW,
2576,SPY,SELL,MARKET,,633,2576,NEW,
2577,SPY,SELL,MARKET,,55,2577,NEW,
2578,MSFT,SELL,MARKET,,73,2578,NEW,
2579,MSFT,BUY,MARKET,,7,2579,NEW,
2580,SPY,BUY,MARKET,,85,2580,NEW,
2581,GOOGL,BUY,MARKET,,4,2581,NEW,
2582,MSFT,SELL,MARKET,,22,2582,NEW,
2583,AMZN,BUY,MARKET,,87,2583,NEW,
2584,NVDA,BUY,MARKET,,71,2584,NEW,
2585,GOOGL,SELL,MARKET,,10,2585,NEW,
2586,GOOGL,BUY,MARKET,,53,2586,NEW,
2587,SPY,SELL,MARKET,,12,2587,NEW,
2588,META,BUY,MARKET,,77,2588,NEW,
2589,MSFT,SELL,MARKET,,2,2589,NEW,
2590,AAPL,SELL,MARKET,,42,2590,NEW,
2591,META,SELL,MARKET,,13,2591,NEW,
2592,AMZN,SELL,MARKET,,88,2592,NEW,
2593,NVDA,BUY,MARKET,,51,2593,NEW,
2594,AAPL,BUY,MARKET,,41,2594,NEW,
2595,AAPL,SELL,MARKET,,5,2595,NEW,
2596,TSLA,SELL,MARKET,,92,2596,NEW,
2597,MSFT,BUY,MARKET,,14,2597,NEW,
2598,AAPL,BUY,MARKET,,45,2598,NEW,
2599,MSFT,SELL,MARKET,,80,2599,NEW,
2600,AAPL,BUY,MARKET,,50,2600,NEW,
2601,SPY,BUY,MARKET,,91,2601,NEW,
2602,SPY,SELL,MARKET,,933,2602,NEW,
2603,AAPL,BUY,MARKET,,62,2603,NEW,
2604,META,BUY,MARKET,,66,2604,NEW,
2605,AMZN,BUY,MARKET,,28,2605,NEW,
2606,GOOGL,BUY,MARKET,,1,2606,NEW,
2607,GOOGL,BUY,MARKET,,12,2607,NEW,
2608,MSFT,BUY,MARKET,,4,2608,NEW,
2609,META,SELL,MARKET,,24,2609,NEW,
2610,NVDA,BUY,MARKET,,39,2610,NEW,
2611,AAPL,SELL,MARKET,,26,2611,NEW,
2612,TSLA,SELL,MARKET,,51,2612,NEW,
2613,AMZN,BUY,MARKET,,32,2613,NEW,
2614,GOOGL,SELL,MARKET,,540,2614,NEW,
2615,NVDA,BUY,MARKET,,7,2615,NEW,
2616,NVDA,SELL,MARKET,,77,2616,NEW,
2617,SPY,SELL,MARKET,,38,2617,NEW,
2618,NVDA,SELL,MARKET,,80,2618,NEW,
2619,GOOGL,SELL,MARKET,,63,2619,NEW,
2620,AAPL,BUY,MARKET,,59,2620,NEW,
2621,SPY,SELL,MARKET,,28,2621,NEW,
2622,NVDA,BUY,MARKET,,96,2622,NEW,
2623,MSFT,SELL,MARKET,,21,2623,NEW,
2624,AMZN,BUY,MARKET,,20,2624,NEW,
2625,NVDA,BUY,MARKET,,37,2625,NEW,
2626,SPY,SELL,MARKET,,48,2626,NEW,
2627,MSFT,BUY,MARKET,,79,2627,NEW,
2628,GOOGL,BUY,MARKET,,40,2628,NEW,
2629,GOOGL,BUY,MARKET,,88,2629,NEW,
2630,AMZN,SELL,MARKET,,294,2630,NEW,
2631,AMZN,SELL,LIMIT,198.44,36,2631,NEW,
2632,NVDA,SELL,LIMIT,183.76,32,2632,NEW,
2633,NVDA,SELL,LIMIT,183.74,64,2633,NEW,
2634,SPY,SELL,LIMIT,681.33,33,2634,NEW,
2635,META,BUY,MARKET,,54,2635,NEW,
2636,META,BUY,LIMIT,640.61,86,2636,NEW,
